<?xml version="1.0" encoding="UTF-8"?>
<!DOCTYPE html PUBLIC "-//W3C//DTD XHTML 1.0 Transitional//EN"
    "http://www.w3.org/TR/xhtml1/DTD/xhtml1-transitional.dtd">
<html xmlns="http://www.w3.org/1999/xhtml" xml:lang="en" lang="en">
 <head>
  <title>
</title>
<meta http-equiv="Content-Type" content="text/html;charset=utf-8" />
  <meta name='ocr-system' content='tesseract 3.04.00' />
  <meta name='ocr-capabilities' content='ocr_page ocr_carea ocr_par ocr_line ocrx_word'/>
</head>
<body>
  <div class='ocr_page' id='page_1' title='image "./fastorumlibervi00oviduoft_0049.png"; bbox 0 0 1465 2449; ppageno 0'>
   <div class='ocr_carea' id='block_1_1' title="bbox 545 92 1349 143">
    <p class='ocr_par' dir='ltr' id='par_1_1' title="bbox 545 92 1349 143">
     <span class='ocr_line' id='line_1_1' title="bbox 545 92 1349 143; baseline 0 -13"><span class='ocrx_word' id='word_1_1' title='bbox 545 92 729 130; x_wconf 82' lang='lat' dir='ltr'><em>LIBER</em></span> <span class='ocrx_word' id='word_1_2' title='bbox 773 93 836 130; x_wconf 81' lang='lat' dir='ltr'>VJ.</span> <span class='ocrx_word' id='word_1_3' title='bbox 1302 106 1323 140; x_wconf 83' lang='lat'><strong>4</strong></span> <span class='ocrx_word' id='word_1_4' title='bbox 1330 104 1349 143; x_wconf 82' lang='lat'><strong>5</strong></span> 
     </span>
    </p>
   </div>
   <div class='ocr_carea' id='block_1_2' title="bbox 33 176 1353 807">
    <p class='ocr_par' dir='ltr' id='par_1_2' title="bbox 33 176 1016 291">
     <span class='ocr_line' id='line_1_2' title="bbox 33 176 1016 227; baseline 0.001 -12"><span class='ocrx_word' id='word_1_5' title='bbox 33 176 197 216; x_wconf 84' lang='lat' dir='ltr'>Pectora</span> <span class='ocrx_word' id='word_1_6' title='bbox 225 184 283 216; x_wconf 90' lang='lat' dir='ltr'>ter</span> <span class='ocrx_word' id='word_1_7' title='bbox 309 176 444 227; x_wconf 81' lang='lat' dir='ltr'>tetigit,</span> <span class='ocrx_word' id='word_1_8' title='bbox 473 185 530 215; x_wconf 88' lang='lat' dir='ltr'>ter</span> <span class='ocrx_word' id='word_1_9' title='bbox 557 179 674 216; x_wconf 83' lang='lat' dir='ltr'>verba</span> <span class='ocrx_word' id='word_1_10' title='bbox 702 177 868 216; x_wconf 87' lang='lat' dir='ltr'>salubria</span> <span class='ocrx_word' id='word_1_11' title='bbox 897 177 1016 216; x_wconf 80' lang='lat' dir='ltr'>dixit:</span> 
     </span>
     <span class='ocr_line' id='line_1_3' title="bbox 88 240 877 291; baseline 0.001 -12"><span class='ocrx_word' id='word_1_12' title='bbox 88 240 322 291; x_wconf 89' lang='lat' dir='ltr'>Depositum</span> <span class='ocrx_word' id='word_1_13' title='bbox 352 249 450 280; x_wconf 88' lang='lat' dir='ltr'>terra</span> <span class='ocrx_word' id='word_1_14' title='bbox 478 241 631 279; x_wconf 80' lang='lat' dir='ltr'>sustulit</span> <span class='ocrx_word' id='word_1_15' title='bbox 660 241 723 280; x_wconf 91' lang='lat' dir='ltr'>ille</span> <span class='ocrx_word' id='word_1_16' title='bbox 751 249 877 291; x_wconf 86' lang='lat' dir='ltr'>caput.</span> 
     </span>
    </p>

    <p class='ocr_par' dir='ltr' id='par_1_3' title="bbox 34 305 1100 410">
     <span class='ocr_line' id='line_1_4' title="bbox 34 305 1100 356; baseline 0.004 -13"><span class='ocrx_word' id='word_1_17' title='bbox 34 305 165 344; x_wconf 91' lang='lat' dir='ltr'>Lucus</span> <span class='ocrx_word' id='word_1_18' title='bbox 193 318 283 344; x_wconf 89' lang='lat' dir='ltr'>eum</span> <span class='ocrx_word' id='word_1_19' title='bbox 313 306 559 356; x_wconf 85' lang='lat' dir='ltr'>nemorisque</span> <span class='ocrx_word' id='word_1_20' title='bbox 588 306 656 353; x_wconf 90' lang='lat' dir='ltr'>tui,</span> <span class='ocrx_word' id='word_1_21' title='bbox 688 306 898 356; x_wconf 81' lang='lat' dir='ltr'>Dictynna,</span> <span class='ocrx_word' id='word_1_22' title='bbox 929 320 1100 347; x_wconf 87' lang='lat' dir='ltr'>recessus</span> 
     </span>
     <span class='ocr_line' id='line_1_5' title="bbox 87 370 818 410; baseline 0 0"><span class='ocrx_word' id='word_1_23' title='bbox 87 370 226 410; x_wconf 88' lang='lat' dir='ltr'>Celat:</span> <span class='ocrx_word' id='word_1_24' title='bbox 255 370 416 409; x_wconf 90' lang='lat' dir='ltr'>Aricino</span> <span class='ocrx_word' id='word_1_25' title='bbox 443 371 602 410; x_wconf 84' lang='lat' dir='ltr'>Virbius</span> <span class='ocrx_word' id='word_1_26' title='bbox 629 371 692 410; x_wconf 92' lang='lat' dir='ltr'>ille</span> <span class='ocrx_word' id='word_1_27' title='bbox 721 373 818 410; x_wconf 87' lang='lat' dir='ltr'>lacu.</span> 
     </span>
    </p>

    <p class='ocr_par' dir='ltr' id='par_1_4' title="bbox 35 435 1160 550">
     <span class='ocr_line' id='line_1_6' title="bbox 35 435 1160 485; baseline 0.003 -13"><span class='ocrx_word' id='word_1_28' title='bbox 35 436 87 473; x_wconf 85' lang='lat' dir='ltr'>At</span> <span class='ocrx_word' id='word_1_29' title='bbox 116 435 329 485; x_wconf 88' lang='lat' dir='ltr'>Clymenus</span> <span class='ocrx_word' id='word_1_30' title='bbox 359 436 582 485; x_wconf 90' lang='lat' dir='ltr'>Clothoque</span> <span class='ocrx_word' id='word_1_31' title='bbox 610 437 769 475; x_wconf 91' lang='lat' dir='ltr'>dolent:</span> <span class='ocrx_word' id='word_1_32' title='bbox 798 438 906 485; x_wconf 91' lang='lat' dir='ltr'>haec,</span> <span class='ocrx_word' id='word_1_33' title='bbox 935 438 1000 476; x_wconf 89' lang='lat' dir='ltr'>fila</span> <span class='ocrx_word' id='word_1_34' title='bbox 1027 437 1160 485; x_wconf 81' lang='lat' dir='ltr'>reneri,</span> 
     </span>
     <span class='ocr_line' id='line_1_7' title="bbox 89 499 813 550; baseline 0.003 -12"><span class='ocrx_word' id='word_1_35' title='bbox 89 499 182 547; x_wconf 89' lang='lat' dir='ltr'>Hic,</span> <span class='ocrx_word' id='word_1_36' title='bbox 211 500 293 539; x_wconf 89' lang='lat' dir='ltr'>fieri</span> <span class='ocrx_word' id='word_1_37' title='bbox 320 501 427 550; x_wconf 84' lang='lat' dir='ltr'>regni</span> <span class='ocrx_word' id='word_1_38' title='bbox 455 501 538 539; x_wconf 90' lang='lat' dir='ltr'>iura</span> <span class='ocrx_word' id='word_1_39' title='bbox 565 500 717 540; x_wconf 88' lang='lat' dir='ltr'>minora</span> <span class='ocrx_word' id='word_1_40' title='bbox 745 501 813 540; x_wconf 88' lang='lat' dir='ltr'>sui.</span> 
     </span>
    </p>

    <p class='ocr_par' dir='ltr' id='par_1_5' title="bbox 36 563 1353 680">
     <span class='ocr_line' id='line_1_8' title="bbox 36 563 1051 616; baseline 0.003 -14"><span class='ocrx_word' id='word_1_41' title='bbox 36 563 222 614; x_wconf 88' lang='lat' dir='ltr'>Iuppiter,</span> <span class='ocrx_word' id='word_1_42' title='bbox 251 565 474 614; x_wconf 87' lang='lat' dir='ltr'>exemplum</span> <span class='ocrx_word' id='word_1_43' title='bbox 502 564 656 611; x_wconf 89' lang='lat' dir='ltr'>veritus,</span> <span class='ocrx_word' id='word_1_44' title='bbox 687 565 826 604; x_wconf 81' lang='lat' dir='ltr'>direxit</span> <span class='ocrx_word' id='word_1_45' title='bbox 854 566 894 604; x_wconf 90' lang='lat' dir='ltr'>in</span> <span class='ocrx_word' id='word_1_46' title='bbox 922 566 1051 616; x_wconf 88' lang='lat' dir='ltr'>ipsum</span> 
     </span>
     <span class='ocr_line' id='line_1_9' title="bbox 88 618 1353 680; baseline 0.002 -14"><span class='ocrx_word' id='word_1_47' title='bbox 88 627 278 675; x_wconf 89' lang='lat' dir='ltr'>Fulmina,</span> <span class='ocrx_word' id='word_1_48' title='bbox 308 618 376 678; x_wconf 85' lang='lat' dir='ltr'>qui</span> <span class='ocrx_word' id='word_1_49' title='bbox 403 628 546 667; x_wconf 84' lang='lat' dir='ltr'>nimiae</span> <span class='ocrx_word' id='word_1_50' title='bbox 575 637 749 668; x_wconf 88' lang='lat' dir='ltr'>moverat</span> <span class='ocrx_word' id='word_1_51' title='bbox 776 629 867 668; x_wconf 90' lang='lat' dir='ltr'>artis</span> <span class='ocrx_word' id='word_1_52' title='bbox 894 643 1020 680; x_wconf 89' lang='lat' dir='ltr'>opem.</span> <span class='ocrx_word' id='word_1_53' title='bbox 1279 634 1353 678; x_wconf 89' lang='lat'>760</span> 
     </span>
    </p>

    <p class='ocr_par' dir='ltr' id='par_1_6' title="bbox 36 691 1108 807">
     <span class='ocr_line' id='line_1_10' title="bbox 36 691 1108 744; baseline 0.002 -13"><span class='ocrx_word' id='word_1_54' title='bbox 36 692 205 738; x_wconf 88' lang='lat' dir='ltr'>Phoebe,</span> <span class='ocrx_word' id='word_1_55' title='bbox 235 691 467 742; x_wconf 89' lang='lat' dir='ltr'>querebaris.</span> <span class='ocrx_word' id='word_1_56' title='bbox 526 693 623 731; x_wconf 89' lang='lat' dir='ltr'>deus</span> <span class='ocrx_word' id='word_1_57' title='bbox 652 701 721 740; x_wconf 88' lang='lat' dir='ltr'>est,</span> <span class='ocrx_word' id='word_1_58' title='bbox 751 694 904 743; x_wconf 87' lang='lat' dir='ltr'>placare</span> <span class='ocrx_word' id='word_1_59' title='bbox 932 695 1108 744; x_wconf 88' lang='lat' dir='ltr'>parenti:</span> 
     </span>
     <span class='ocr_line' id='line_1_11' title="bbox 88 755 960 807; baseline 0.001 -13"><span class='ocrx_word' id='word_1_60' title='bbox 88 758 251 807; x_wconf 91' lang='lat' dir='ltr'>Propter</span> <span class='ocrx_word' id='word_1_61' title='bbox 277 763 327 804; x_wconf 92' lang='lat' dir='ltr'>te,</span> <span class='ocrx_word' id='word_1_62' title='bbox 357 755 439 795; x_wconf 88' lang='lat' dir='ltr'>fieri</span> <span class='ocrx_word' id='word_1_63' title='bbox 467 757 575 806; x_wconf 89' lang='lat' dir='ltr'>quod</span> <span class='ocrx_word' id='word_1_64' title='bbox 603 764 718 804; x_wconf 86' lang='lat' dir='ltr'>vetat,</span> <span class='ocrx_word' id='word_1_65' title='bbox 749 757 832 807; x_wconf 83' lang='lat' dir='ltr'>ipse</span> <span class='ocrx_word' id='word_1_66' title='bbox 860 757 960 796; x_wconf 82' lang='lat' dir='ltr'>facit.</span> 
     </span>
    </p>
   </div>
   <div class='ocr_carea' id='block_1_3' title="bbox 1278 322 1348 359">
    <p class='ocr_par' dir='ltr' id='par_1_7' title="bbox 1278 322 1348 359">
     <span class='ocr_line' id='line_1_12' title="bbox 1278 322 1348 359; baseline 0.029 -2"><span class='ocrx_word' id='word_1_67' title='bbox 1278 322 1348 359; x_wconf 83' lang='lat'>755</span> 
     </span>
    </p>
   </div>
   <div class='ocr_carea' id='block_1_4' title="bbox 151 879 1238 926">
    <p class='ocr_par' dir='ltr' id='par_1_8' title="bbox 151 879 1238 926">
     <span class='ocr_line' id='line_1_13' title="bbox 151 879 1238 926; baseline 0.001 -12"><span class='ocrx_word' id='word_1_68' title='bbox 151 889 196 924; x_wconf 89' lang='lat'>23</span> <span class='ocrx_word' id='word_1_69' title='bbox 214 879 331 926; x_wconf 79' lang='lat' dir='ltr'>June.</span> <span class='ocrx_word' id='word_1_70' title='bbox 380 880 417 915; x_wconf 85' lang='lat' dir='ltr'><em>A</em></span> <span class='ocrx_word' id='word_1_71' title='bbox 422 881 646 926; x_wconf 70' lang='lat' dir='ltr'>nniversary</span> <span class='ocrx_word' id='word_1_72' title='bbox 663 881 708 925; x_wconf 70' lang='lat' dir='ltr'>(ff</span> <span class='ocrx_word' id='word_1_73' title='bbox 717 880 775 915; x_wconf 79' lang='lat' dir='ltr'>tlte</span> <span class='ocrx_word' id='word_1_74' title='bbox 792 880 911 926; x_wconf 66' lang='lat' dir='ltr'>defeat</span> <span class='ocrx_word' id='word_1_75' title='bbox 925 882 970 926; x_wconf 87' lang='lat' dir='ltr'>of</span> <span class='ocrx_word' id='word_1_76' title='bbox 984 882 1018 915; x_wconf 84' lang='lat' dir='ltr'><em>T</em></span> <span class='ocrx_word' id='word_1_77' title='bbox 1015 881 1238 926; x_wconf 69' lang='lat' dir='ltr'>hrasymene.</span> 
     </span>
    </p>
   </div>
   <div class='ocr_carea' id='block_1_5' title="bbox 36 953 1352 1325">
    <p class='ocr_par' dir='ltr' id='par_1_9' title="bbox 38 953 1145 1068">
     <span class='ocr_line' id='line_1_14' title="bbox 38 953 1145 1003; baseline 0.001 -12"><span class='ocrx_word' id='word_1_78' title='bbox 38 954 130 992; x_wconf 92' lang='lat' dir='ltr'>Non</span> <span class='ocrx_word' id='word_1_79' title='bbox 160 965 233 1003; x_wconf 90' lang='lat' dir='ltr'>ego</span> <span class='ocrx_word' id='word_1_80' title='bbox 260 960 310 1001; x_wconf 93' lang='lat' dir='ltr'>te,</span> <span class='ocrx_word' id='word_1_81' title='bbox 341 953 516 1003; x_wconf 89' lang='lat' dir='ltr'>quamvis</span> <span class='ocrx_word' id='word_1_82' title='bbox 544 953 769 1003; x_wconf 83' lang='lat' dir='ltr'>properabis</span> <span class='ocrx_word' id='word_1_83' title='bbox 796 953 961 1000; x_wconf 90' lang='lat' dir='ltr'>vincere,</span> <span class='ocrx_word' id='word_1_84' title='bbox 991 955 1145 1000; x_wconf 86' lang='lat' dir='ltr'>Caesar,</span> 
     </span>
     <span class='ocr_line' id='line_1_15' title="bbox 88 1018 993 1068; baseline 0 -12"><span class='ocrx_word' id='word_1_85' title='bbox 88 1018 128 1057; x_wconf 91' lang='lat' dir='ltr'>Si</span> <span class='ocrx_word' id='word_1_86' title='bbox 155 1025 259 1057; x_wconf 90' lang='lat' dir='ltr'>vetet</span> <span class='ocrx_word' id='word_1_87' title='bbox 287 1018 516 1068; x_wconf 86' lang='lat' dir='ltr'>auspicium,</span> <span class='ocrx_word' id='word_1_88' title='bbox 547 1018 657 1068; x_wconf 87' lang='lat' dir='ltr'>signa</span> <span class='ocrx_word' id='word_1_89' title='bbox 685 1031 840 1057; x_wconf 85' lang='lat' dir='ltr'>movere</span> <span class='ocrx_word' id='word_1_90' title='bbox 868 1019 993 1057; x_wconf 86' lang='lat' dir='ltr'>velim.</span> 
     </span>
    </p>

    <p class='ocr_par' dir='ltr' id='par_1_10' title="bbox 36 1082 1352 1198">
     <span class='ocr_line' id='line_1_16' title="bbox 36 1082 1352 1134; baseline 0 -12"><span class='ocrx_word' id='word_1_91' title='bbox 36 1082 120 1122; x_wconf 90' lang='lat' dir='ltr'>Sint</span> <span class='ocrx_word' id='word_1_92' title='bbox 148 1082 218 1122; x_wconf 91' lang='lat' dir='ltr'>tibi</span> <span class='ocrx_word' id='word_1_93' title='bbox 247 1082 460 1121; x_wconf 82' lang='lat' dir='ltr'>Flaminius</span> <span class='ocrx_word' id='word_1_94' title='bbox 487 1083 794 1133; x_wconf 81' lang='lat' dir='ltr'>Trasimenaque</span> <span class='ocrx_word' id='word_1_95' title='bbox 822 1083 934 1122; x_wconf 91' lang='lat' dir='ltr'>litora</span> <span class='ocrx_word' id='word_1_96' title='bbox 960 1091 1089 1132; x_wconf 89' lang='lat' dir='ltr'>testes,</span> <span class='ocrx_word' id='word_1_97' title='bbox 1281 1086 1352 1134; x_wconf 85' lang='lat'>765</span> 
     </span>
     <span class='ocr_line' id='line_1_17' title="bbox 91 1149 1017 1198; baseline -0.001 -12"><span class='ocrx_word' id='word_1_98' title='bbox 91 1149 166 1186; x_wconf 90' lang='lat' dir='ltr'>Per</span> <span class='ocrx_word' id='word_1_99' title='bbox 192 1149 368 1186; x_wconf 86' lang='lat' dir='ltr'>volucres</span> <span class='ocrx_word' id='word_1_100' title='bbox 395 1161 543 1198; x_wconf 91' lang='lat' dir='ltr'>aequos</span> <span class='ocrx_word' id='word_1_101' title='bbox 572 1149 694 1186; x_wconf 86' lang='lat' dir='ltr'>multa</span> <span class='ocrx_word' id='word_1_102' title='bbox 722 1161 880 1187; x_wconf 88' lang='lat' dir='ltr'>monere</span> <span class='ocrx_word' id='word_1_103' title='bbox 910 1149 1017 1187; x_wconf 89' lang='lat' dir='ltr'>deos.</span> 
     </span>
    </p>

    <p class='ocr_par' dir='ltr' id='par_1_11' title="bbox 37 1213 1040 1325">
     <span class='ocr_line' id='line_1_18' title="bbox 37 1213 1040 1263; baseline 0.001 -13"><span class='ocrx_word' id='word_1_104' title='bbox 37 1214 234 1262; x_wconf 87' lang='lat' dir='ltr'>Tempora</span> <span class='ocrx_word' id='word_1_105' title='bbox 262 1213 294 1251; x_wconf 85' lang='lat' dir='ltr'>si</span> <span class='ocrx_word' id='word_1_106' title='bbox 321 1213 459 1252; x_wconf 86' lang='lat' dir='ltr'>veteris</span> <span class='ocrx_word' id='word_1_107' title='bbox 488 1213 640 1263; x_wconf 86' lang='lat' dir='ltr'>quaeris</span> <span class='ocrx_word' id='word_1_108' title='bbox 668 1213 870 1251; x_wconf 87' lang='lat' dir='ltr'>temeraria</span> <span class='ocrx_word' id='word_1_109' title='bbox 897 1213 1040 1260; x_wconf 82' lang='lat' dir='ltr'>damni,</span> 
     </span>
     <span class='ocr_line' id='line_1_19' title="bbox 91 1276 1004 1325; baseline 0.002 -11"><span class='ocrx_word' id='word_1_110' title='bbox 91 1277 262 1325; x_wconf 88' lang='lat' dir='ltr'>Quartus</span> <span class='ocrx_word' id='word_1_111' title='bbox 289 1277 338 1316; x_wconf 91' lang='lat' dir='ltr'>ab</span> <span class='ocrx_word' id='word_1_112' title='bbox 367 1284 540 1315; x_wconf 82' lang='lat' dir='ltr'>extremo</span> <span class='ocrx_word' id='word_1_113' title='bbox 569 1290 703 1315; x_wconf 90' lang='lat' dir='ltr'>mense</span> <span class='ocrx_word' id='word_1_114' title='bbox 732 1277 790 1315; x_wconf 89' lang='lat' dir='ltr'>bis</span> <span class='ocrx_word' id='word_1_115' title='bbox 818 1276 881 1315; x_wconf 89' lang='lat' dir='ltr'>ille</span> <span class='ocrx_word' id='word_1_116' title='bbox 910 1277 1004 1316; x_wconf 91' lang='lat' dir='ltr'>dies.</span> 
     </span>
    </p>
   </div>
   <div class='ocr_carea' id='block_1_6' title="bbox 40 1393 1366 2290">
    <p class='ocr_par' dir='ltr' id='par_1_12' title="bbox 40 1393 1366 2290">
     <span class='ocr_line' id='line_1_20' title="bbox 41 1393 1358 1440; baseline 0 -12"><span class='ocrx_word' id='word_1_117' title='bbox 41 1404 86 1438; x_wconf 80' lang='lat'>24</span> <span class='ocrx_word' id='word_1_118' title='bbox 109 1394 225 1440; x_wconf 80' lang='lat' dir='ltr'>June.</span> <span class='ocrx_word' id='word_1_119' title='bbox 274 1395 310 1429; x_wconf 88' lang='lat' dir='ltr'><em>A</em></span> <span class='ocrx_word' id='word_1_120' title='bbox 317 1395 540 1439; x_wconf 79' lang='lat' dir='ltr'>nniversary</span> <span class='ocrx_word' id='word_1_121' title='bbox 563 1395 610 1439; x_wconf 82' lang='lat' dir='ltr'>of</span> <span class='ocrx_word' id='word_1_122' title='bbox 631 1395 751 1440; x_wconf 68' lang='lat' dir='ltr'>dcjfc’at</span> <span class='ocrx_word' id='word_1_123' title='bbox 778 1395 825 1439; x_wconf 84' lang='lat' dir='ltr'>of</span> <span class='ocrx_word' id='word_1_124' title='bbox 843 1394 876 1428; x_wconf 83' lang='lat' dir='ltr'><em>S</em></span> <span class='ocrx_word' id='word_1_125' title='bbox 866 1393 1008 1439; x_wconf 72' lang='lat' dir='ltr'>yplzax,</span> <span class='ocrx_word' id='word_1_126' title='bbox 1042 1395 1121 1428; x_wconf 80' lang='lat' dir='ltr'>and</span> <span class='ocrx_word' id='word_1_127' title='bbox 1149 1396 1194 1440; x_wconf 87' lang='lat' dir='ltr'>of</span> <span class='ocrx_word' id='word_1_128' title='bbox 1217 1396 1358 1440; x_wconf 69' lang='lat' dir='ltr'>victmy</span> 
     </span>
     <span class='ocr_line' id='line_1_21' title="bbox 248 1453 1144 1499; baseline -0.001 -12"><span class='ocrx_word' id='word_1_129' title='bbox 248 1454 293 1499; x_wconf 74' lang='lat' dir='ltr'>qf</span> <span class='ocrx_word' id='word_1_130' title='bbox 309 1453 369 1488; x_wconf 77' lang='lat' dir='ltr'>tlte</span> <span class='ocrx_word' id='word_1_131' title='bbox 392 1454 599 1488; x_wconf 74' lang='lat' dir='ltr'>Alelaurus.</span> <span class='ocrx_word' id='word_1_132' title='bbox 649 1454 763 1488; x_wconf 79' lang='lat' dir='ltr'>Feast</span> <span class='ocrx_word' id='word_1_133' title='bbox 784 1453 831 1498; x_wconf 63' lang='lat' dir='ltr'>(gf</span> <span class='ocrx_word' id='word_1_134' title='bbox 844 1453 940 1487; x_wconf 84' lang='lat' dir='ltr'>Fors</span> <span class='ocrx_word' id='word_1_135' title='bbox 963 1453 1144 1486; x_wconf 80' lang='lat' dir='ltr'>Fortuna.</span> 
     </span>
     <span class='ocr_line' id='line_1_22' title="bbox 41 1526 1178 1577; baseline -0.002 -11"><span class='ocrx_word' id='word_1_136' title='bbox 41 1529 202 1566; x_wconf 89' lang='lat' dir='ltr'>Postera</span> <span class='ocrx_word' id='word_1_137' title='bbox 228 1528 296 1565; x_wconf 84' lang='lat' dir='ltr'>lux</span> <span class='ocrx_word' id='word_1_138' title='bbox 322 1527 468 1566; x_wconf 88' lang='lat' dir='ltr'>melior.</span> <span class='ocrx_word' id='word_1_139' title='bbox 528 1534 682 1577; x_wconf 89' lang='lat' dir='ltr'>superat</span> <span class='ocrx_word' id='word_1_140' title='bbox 713 1526 920 1565; x_wconf 85' lang='lat' dir='ltr'>Masinissa</span> <span class='ocrx_word' id='word_1_141' title='bbox 948 1528 1178 1577; x_wconf 87' lang='lat' dir='ltr'>Syphacem,</span> 
     </span>
     <span class='ocr_line' id='line_1_23' title="bbox 95 1591 1358 1642; baseline -0.002 -12"><span class='ocrx_word' id='word_1_142' title='bbox 95 1593 144 1630; x_wconf 90' lang='lat' dir='ltr'>Et</span> <span class='ocrx_word' id='word_1_143' title='bbox 172 1591 313 1631; x_wconf 89' lang='lat' dir='ltr'>cecidit</span> <span class='ocrx_word' id='word_1_144' title='bbox 341 1593 427 1630; x_wconf 87' lang='lat' dir='ltr'>telis</span> <span class='ocrx_word' id='word_1_145' title='bbox 457 1593 683 1630; x_wconf 84' lang='lat' dir='ltr'>Hasdrubal</span> <span class='ocrx_word' id='word_1_146' title='bbox 712 1591 794 1642; x_wconf 90' lang='lat' dir='ltr'>ipse</span> <span class='ocrx_word' id='word_1_147' title='bbox 822 1591 911 1630; x_wconf 89' lang='lat' dir='ltr'>suis.</span> <span class='ocrx_word' id='word_1_148' title='bbox 1284 1604 1358 1640; x_wconf 90' lang='lat'>770</span> 
     </span>
     <span class='ocr_line' id='line_1_24' title="bbox 40 1657 1112 1707; baseline 0 -13"><span class='ocrx_word' id='word_1_149' title='bbox 40 1658 238 1707; x_wconf 90' lang='lat' dir='ltr'>Tempora</span> <span class='ocrx_word' id='word_1_150' title='bbox 266 1657 459 1704; x_wconf 88' lang='lat' dir='ltr'>labuntur,</span> <span class='ocrx_word' id='word_1_151' title='bbox 489 1657 694 1706; x_wconf 88' lang='lat' dir='ltr'>tacitisque</span> <span class='ocrx_word' id='word_1_152' title='bbox 722 1657 961 1696; x_wconf 78' lang='lat' dir='ltr'>senescimus</span> <span class='ocrx_word' id='word_1_153' title='bbox 989 1657 1112 1704; x_wconf 87' lang='lat' dir='ltr'>annis,</span> 
     </span>
     <span class='ocr_line' id='line_1_25' title="bbox 96 1720 942 1771; baseline -0.002 -10"><span class='ocrx_word' id='word_1_154' title='bbox 96 1723 146 1761; x_wconf 91' lang='lat' dir='ltr'>Et</span> <span class='ocrx_word' id='word_1_155' title='bbox 174 1720 326 1771; x_wconf 90' lang='lat' dir='ltr'>fugiunt</span> <span class='ocrx_word' id='word_1_156' title='bbox 354 1721 464 1759; x_wconf 88' lang='lat' dir='ltr'>freno</span> <span class='ocrx_word' id='word_1_157' title='bbox 493 1734 574 1759; x_wconf 90' lang='lat' dir='ltr'>non</span> <span class='ocrx_word' id='word_1_158' title='bbox 602 1728 819 1759; x_wconf 88' lang='lat' dir='ltr'>remorante</span> <span class='ocrx_word' id='word_1_159' title='bbox 848 1721 942 1760; x_wconf 90' lang='lat' dir='ltr'>dies.</span> 
     </span>
     <span class='ocr_line' id='line_1_26' title="bbox 43 1786 1094 1836; baseline -0.001 -11"><span class='ocrx_word' id='word_1_160' title='bbox 43 1787 173 1836; x_wconf 87' lang='lat' dir='ltr'>Quam</span> <span class='ocrx_word' id='word_1_161' title='bbox 201 1786 281 1825; x_wconf 91' lang='lat' dir='ltr'>cito</span> <span class='ocrx_word' id='word_1_162' title='bbox 308 1793 496 1824; x_wconf 89' lang='lat' dir='ltr'>venerunt</span> <span class='ocrx_word' id='word_1_163' title='bbox 525 1787 721 1824; x_wconf 84' lang='lat' dir='ltr'>Fortunae</span> <span class='ocrx_word' id='word_1_164' title='bbox 750 1786 876 1825; x_wconf 89' lang='lat' dir='ltr'>Fortis</span> <span class='ocrx_word' id='word_1_165' title='bbox 904 1787 1094 1824; x_wconf 79' lang='lat' dir='ltr'>honores!</span> 
     </span>
     <span class='ocr_line' id='line_1_27' title="bbox 96 1850 915 1901; baseline -0.001 -11"><span class='ocrx_word' id='word_1_166' title='bbox 96 1852 189 1890; x_wconf 89' lang='lat' dir='ltr'>Post</span> <span class='ocrx_word' id='word_1_167' title='bbox 217 1858 368 1901; x_wconf 90' lang='lat' dir='ltr'>septem</span> <span class='ocrx_word' id='word_1_168' title='bbox 396 1852 503 1889; x_wconf 87' lang='lat' dir='ltr'>luces</span> <span class='ocrx_word' id='word_1_169' title='bbox 532 1851 670 1889; x_wconf 90' lang='lat' dir='ltr'>Iunius</span> <span class='ocrx_word' id='word_1_170' title='bbox 697 1857 807 1889; x_wconf 88' lang='lat' dir='ltr'>actus</span> <span class='ocrx_word' id='word_1_171' title='bbox 834 1850 915 1889; x_wconf 89' lang='lat' dir='ltr'>erit.</span> 
     </span>
     <span class='ocr_line' id='line_1_28' title="bbox 44 1915 1359 1965; baseline 0.002 -13"><span class='ocrx_word' id='word_1_172' title='bbox 44 1916 117 1962; x_wconf 89' lang='lat' dir='ltr'>Ite,</span> <span class='ocrx_word' id='word_1_173' title='bbox 148 1915 263 1954; x_wconf 89' lang='lat' dir='ltr'>deam</span> <span class='ocrx_word' id='word_1_174' title='bbox 291 1915 382 1954; x_wconf 88' lang='lat' dir='ltr'>laeti</span> <span class='ocrx_word' id='word_1_175' title='bbox 411 1916 567 1954; x_wconf 86' lang='lat' dir='ltr'>Fortem</span> <span class='ocrx_word' id='word_1_176' title='bbox 595 1916 799 1962; x_wconf 89' lang='lat' dir='ltr'>celebrate,</span> <span class='ocrx_word' id='word_1_177' title='bbox 831 1915 1025 1964; x_wconf 80' lang='lat' dir='ltr'>Quirites!</span> <span class='ocrx_word' id='word_1_178' title='bbox 1287 1926 1359 1965; x_wconf 88' lang='lat'>775</span> 
     </span>
     <span class='ocr_line' id='line_1_29' title="bbox 97 1979 907 2030; baseline 0.001 -12"><span class='ocrx_word' id='word_1_179' title='bbox 97 1981 147 2018; x_wconf 87' lang='lat' dir='ltr'>In</span> <span class='ocrx_word' id='word_1_180' title='bbox 175 1979 326 2019; x_wconf 90' lang='lat' dir='ltr'>Tiberis</span> <span class='ocrx_word' id='word_1_181' title='bbox 354 1979 438 2029; x_wconf 88' lang='lat' dir='ltr'>ripa</span> <span class='ocrx_word' id='word_1_182' title='bbox 465 1993 625 2018; x_wconf 90' lang='lat' dir='ltr'>munera</span> <span class='ocrx_word' id='word_1_183' title='bbox 653 1980 752 2030; x_wconf 86' lang='lat' dir='ltr'>regis</span> <span class='ocrx_word' id='word_1_184' title='bbox 779 1981 907 2019; x_wconf 91' lang='lat' dir='ltr'>habet.</span> 
     </span>
     <span class='ocr_line' id='line_1_30' title="bbox 45 2045 1084 2095; baseline 0 -13"><span class='ocrx_word' id='word_1_185' title='bbox 45 2046 137 2083; x_wconf 90' lang='lat' dir='ltr'>Pars</span> <span class='ocrx_word' id='word_1_186' title='bbox 164 2045 279 2095; x_wconf 90' lang='lat' dir='ltr'>pede,</span> <span class='ocrx_word' id='word_1_187' title='bbox 309 2057 397 2095; x_wconf 90' lang='lat' dir='ltr'>pars</span> <span class='ocrx_word' id='word_1_188' title='bbox 425 2045 542 2083; x_wconf 87' lang='lat' dir='ltr'>etiam</span> <span class='ocrx_word' id='word_1_189' title='bbox 570 2045 685 2084; x_wconf 90' lang='lat' dir='ltr'>celeri</span> <span class='ocrx_word' id='word_1_190' title='bbox 714 2046 905 2084; x_wconf 88' lang='lat' dir='ltr'>decurrite</span> <span class='ocrx_word' id='word_1_191' title='bbox 933 2045 1084 2084; x_wconf 85' lang='lat' dir='ltr'>cumba.</span> 
     </span>
     <span class='ocr_line' id='line_1_31' title="bbox 97 2108 978 2159; baseline 0.001 -12"><span class='ocrx_word' id='word_1_192' title='bbox 97 2110 185 2148; x_wconf 92' lang='lat' dir='ltr'>Nec</span> <span class='ocrx_word' id='word_1_193' title='bbox 212 2110 359 2159; x_wconf 87' lang='lat' dir='ltr'>pudeat</span> <span class='ocrx_word' id='word_1_194' title='bbox 387 2116 504 2159; x_wconf 90' lang='lat' dir='ltr'>potos</span> <span class='ocrx_word' id='word_1_195' title='bbox 532 2108 624 2147; x_wconf 90' lang='lat' dir='ltr'>inde</span> <span class='ocrx_word' id='word_1_196' title='bbox 652 2109 777 2148; x_wconf 91' lang='lat' dir='ltr'>redire</span> <span class='ocrx_word' id='word_1_197' title='bbox 805 2110 978 2148; x_wconf 91' lang='lat' dir='ltr'>domum.</span> 
     </span>
     <span class='ocr_line' id='line_1_32' title="bbox 47 2173 988 2222; baseline 0.001 -10"><span class='ocrx_word' id='word_1_198' title='bbox 47 2175 161 2213; x_wconf 90' lang='lat' dir='ltr'>Ferte</span> <span class='ocrx_word' id='word_1_199' title='bbox 188 2181 397 2213; x_wconf 90' lang='lat' dir='ltr'>coronatae</span> <span class='ocrx_word' id='word_1_200' title='bbox 425 2174 610 2212; x_wconf 89' lang='lat' dir='ltr'>iuvenum</span> <span class='ocrx_word' id='word_1_201' title='bbox 638 2173 818 2212; x_wconf 90' lang='lat' dir='ltr'>convivia</span> <span class='ocrx_word' id='word_1_202' title='bbox 844 2174 988 2222; x_wconf 90' lang='lat' dir='ltr'>lintres,</span> 
     </span>
     <span class='ocr_line' id='line_1_33' title="bbox 100 2238 1366 2290; baseline -0.002 -14"><span class='ocrx_word' id='word_1_203' title='bbox 100 2239 306 2289; x_wconf 88' lang='lat' dir='ltr'>Multaque</span> <span class='ocrx_word' id='word_1_204' title='bbox 335 2251 404 2290; x_wconf 92' lang='lat' dir='ltr'>per</span> <span class='ocrx_word' id='word_1_205' title='bbox 431 2238 580 2278; x_wconf 90' lang='lat' dir='ltr'>medias</span> <span class='ocrx_word' id='word_1_206' title='bbox 608 2238 698 2277; x_wconf 89' lang='lat' dir='ltr'>vina</span> <span class='ocrx_word' id='word_1_207' title='bbox 725 2238 906 2278; x_wconf 86' lang='lat' dir='ltr'>bibantur</span> <span class='ocrx_word' id='word_1_208' title='bbox 936 2251 1066 2290; x_wconf 87' lang='lat' dir='ltr'>aquas.</span> <span class='ocrx_word' id='word_1_209' title='bbox 1292 2238 1366 2286; x_wconf 87' lang='lat'>780</span> 
     </span>
    </p>
   </div>
  </div>
 </body>
</html>
