1465 2449
578 87 763 125 LIBER
808 88 870 125 Vl.
969 90 991 96 “

1333 102 1377 136 41

64 299 104 334 13
121 289 239 336 June.
294 289 370 324 The
386 289 479 324 Ides.
529 289 700 323 Account
715 290 762 334 cgf
769 289 828 324 tlte
846 289 1128 335 ‘Quinquatrus
1146 293 1319 327 minores'
1336 305 1381 326 en

106 347 189 382 that
204 347 297 392 day,·
322 346 897 392 tlzefl11te-pl101ers’procession,
920 347 1002 381 and
1012 349 1240 382 ceremonz'al.
1291 350 1381 392 (Mi-

105 416 227 439 nerva
244 407 402 450 appears
418 403 498 438 and
510 404 689 437 instructs
705 403 764 437 tlte
772 403 886 449 poet.)

61 499 179 536 Nulla
207 505 301 537 nota
328 506 387 537 est
415 497 595 537 veniente
624 497 699 546 die,
731 511 849 548 quam
879 499 1029 538 discere
1058 500 1192 550 possis.

114 562 252 601 Idibus
281 562 435 600 Invicto
464 569 554 600 sunt
583 562 675 600 data
704 563 852 612 templa
881 563 977 601 Iovi.

61 628 111 664 Et
139 626 216 664 iam
246 626 517 676 Quinquatrus
546 625 682 664 iubeor
711 639 862 665 narrare
891 626 1070 666 minores.

114 693 233 730 Nunc
260 692 355 731 ades
383 694 432 730 o!
462 691 623 741 coeptis,
654 691 752 730 flava
781 691 971 740 Minerva,
1002 693 1107 731 meis.

61 756 165 795 ‘Cur
192 768 312 806 vagus
340 754 488 794 incedit
516 762 600 794 tota
627 755 774 794 tibicen
803 755 843 794 in
873 756 1012 796 Urbe?

114 819 244 869 ‘Quid
273 819 346 859 sibi
374 832 578 870 personae,
607 819 702 869 quid
732 820 831 859 stola
859 820 976 870 longa
1003 822 1190 860 voluntP'

59 883 122 922 Sic
149 896 232 934 ego.
291 884 355 923 Sic
383 883 511 934 posita
538 883 717 922 Tritonia
744 883 908 934 cuspide
938 884 1057 923 dixit:

115 948 268 987 Possim
295 947 447 987 utinam
477 948 617 986 doctae
646 948 765 986 verba
792 949 930 987 referre
959 949 1081 987 deae!

60 1016 68 1032 ‘
84 1014 346 1064 Temporibus
373 1021 548 1052 veterum
578 1013 748 1051 tibicinis
776 1026 870 1052 usus
897 1026 1058 1052 avorum

113 1082 122 1098 ‘
139 1079 309 1128 Magnus
337 1085 376 1117 et
404 1077 444 1116 in
474 1090 616 1127 magno
646 1089 800 1127 semper
828 1078 977 1116 honore
1006 1077 1088 1116 fuit.

62 1146 70 1162 ‘
87 1144 283 1182 Cantabat
310 1142 421 1190 fanis,
450 1142 632 1180 cantabat
661 1141 756 1179 tibia
784 1141 899 1189 ludis,

114 1208 331 1247 ‘Cantabat
357 1207 515 1246 maestis
543 1206 638 1245 tibia
665 1206 874 1246 funeribus.

61 1273 224 1312 ‘Dulcis
251 1280 331 1312 erat
360 1273 542 1311 mercede
570 1272 688 1311 labor.
748 1280 983 1323 tempusque
1013 1281 1201 1320 secutum,

116 1337 261 1386 ‘Quod
289 1337 419 1376 subito
449 1336 588 1376 Graiae
617 1337 806 1386 frangeret
835 1336 926 1375 artis
955 1349 1062 1387 opus.

61 1402 200 1441 ‘Adde
229 1402 337 1452 quod
365 1401 512 1448 aedilis,
544 1413 732 1451 pompam
761 1401 828 1452 qui
855 1401 1000 1440 funeris
1028 1401 1136 1450 irent,

113 1467 314 1506 ‘Artifices
342 1469 447 1506 solos
475 1467 638 1505 iusserat
666 1480 750 1506 esse
779 1469 928 1507 decem.

61 1535 69 1551 ⁴
86 1530 213 1570 Exilio
241 1539 395 1570 mutant
424 1531 586 1579 Urbem,
617 1531 819 1581 Tiburque
847 1533 1046 1572 recedunt.

115 1595 308 1634 ‘Exilium
338 1596 511 1645 quodam
539 1602 715 1645 tempore
744 1596 868 1635 Tibur
896 1600 1000 1636 erat!

59 1660 289 1710 ‘Quaeritur
316 1659 356 1698 in
386 1673 503 1699 scena
531 1673 625 1699 cava
653 1660 759 1709 tibia,
790 1661 987 1711 quaeritur
1014 1662 1114 1703 aris:

111 1725 256 1764 ‘Ducit
284 1737 487 1775 supremos
515 1724 631 1764 nenia
660 1727 767 1764 nulla
795 1734 911 1765 toros.

59 1789 266 1828 ‘Servierat
294 1789 466 1839 quidam,
497 1790 742 1840 quantolibet
770 1790 907 1830 ordine
936 1791 1087 1841 dignus,

113 1854 294 1894 ‘Tibure.
354 1855 423 1893 sed
451 1856 572 1905 longo
600 1863 777 1906 tempore
806 1855 902 1895 liber
930 1864 1019 1895 erat.

57 1920 187 1958 ‘Rure
215 1920 337 1970 dapes
365 1928 473 1970 parat
502 1920 566 1959 ille
595 1934 679 1968 suo,
709 1922 944 1971 turbamque
973 1935 1156 1961 canoram

109 1983 346 2022 ‘Convocat
406 1984 458 2022 ad
486 1985 602 2023 festas
629 1984 814 2023 convenit
843 1984 908 2023 illa
936 1985 1066 2035 dapes.

56 2047 171 2086 ‘Nox
197 2054 290 2095 erat,
319 2054 359 2086 et
386 2047 485 2087 vinis
514 2048 698 2098 oculique
726 2048 927 2100 animique
955 2051 1153 2097 natabant,

109 2112 236 2151 ‘Cum
263 2111 577 2162 praecomposito
606 2112 767 2152 nuntius
795 2126 862 2152 ore
890 2113 1005 2153 venit.

56 2176 209 2225 ‘Atque
236 2175 301 2223 ita,
334 2179 356 2197 “
373 2177 482 2225 Quid
510 2190 638 2216 cessas
667 2177 846 2217 convivia
874 2179 1083 2218 solvere?’'
1113 2178 1232 2219 dixit:

109 2242 150 2260 “‘
163 2241 312 2279 Auctor
338 2240 535 2280 vindictae
564 2240 641 2280 iam
670 2242 774 2281 venit
803 2255 896 2282 ecce
924 2243 1050 2283 tuae.‘'

1305 565 1381 614 650

1305 1209 1381 1246 660

1305 1535 1378 1583 665

1302 1857 1380 1905 670
