1642 2490
183 126 229 151 20
569 103 604 141 O
616 101 773 139 VIDII
792 97 1019 138 FASTOR
1028 96 1124 135 {Ml

182 243 256 276 Slse
272 241 401 276 claims
418 239 500 273 that
516 237 575 272 the
591 235 746 270 monllz’s
770 244 877 267 nanze
893 233 926 266 is
941 230 1097 265 derived
1103 229 1210 274 from
1234 228 1325 262 laer:
1347 227 1409 262 slae
1431 225 1501 261 has

370 295 547 331 deses-ved
559 295 591 328 it
604 294 647 337 by
662 292 731 325 lter
745 290 843 324 rank
863 289 944 323 and
944 289 1113 332 favours
1129 290 1166 320 to
1183 286 1306 320 Rome.

181 384 364 431 Namque
393 380 446 418 ait
476 380 534 418 ‘O
564 384 682 423 vates,
715 373 885 412 Romani
915 371 1096 410 conditor
1123 369 1228 416 anni,

236 449 362 484 ‘Ause
392 457 460 494 per
488 443 646 489 exiguos
677 452 818 489 magna
846 438 986 475 referre
1015 437 1169 483 modos,

184 513 275 549 ‘Ius
304 510 372 549 tibi
402 508 526 547 fecisti
556 519 702 545 numen
731 505 898 541 caeleste
928 500 1101 546 videndi,

237 576 361 613 ‘Cum
390 572 535 622 placuit
562 568 733 608 numeris
763 567 933 605 condere
962 566 1061 603 festa
1090 564 1175 603 tuis.

186 641 269 677 ‘Ne
298 647 428 676 tamen
457 636 610 685 ignores
638 631 820 681 volgique
851 642 978 668 errore
1007 628 1181 675 traharis,

238 703 396 741 ‘Iunius
425 714 447 738 a
476 707 609 737 nostro
638 697 798 735 nomine
826 707 973 733 nomen
1001 695 1130 731 habet.

186 770 278 806 ‘Est
306 766 451 816 aliquid
480 765 657 814 nupsisse
687 761 786 809 Iovi,
817 760 923 799 Iovis
952 773 1037 798 esse
1067 771 1250 797 sororem.

239 833 392 869 ‘Fratre
421 829 556 879 magis,
586 827 734 873 dubito,
766 825 916 874 glorier,
946 837 1049 862 anne
1077 824 1169 863 viro.

186 898 246 935 ‘Si
275 908 396 945 genus
425 894 618 944 aspicitur,
650 893 858 930 Saturnum
886 889 1013 939 prima
1040 898 1243 939 parentem

240 960 377 998 ‘Fecit
407 957 559 997 Saturni
589 969 670 994 sors
699 967 772 1004 ego
800 954 925 1003 prima
952 953 1016 991 fui.

189 1026 245 1062 ‘A
274 1032 380 1072 patre
410 1022 515 1060 dicta
542 1033 631 1058 meo
661 1019 863 1068 quondam
891 1018 1070 1057 Saturnia
1099 1020 1230 1056 Roma
1258 1025 1338 1058 est:

242 1089 378 1125 ‘Haec
407 1087 460 1123 illi
488 1099 511 1122 a
539 1085 649 1122 caelo
677 1082 854 1132 proxima
881 1090 981 1120 terra
1008 1082 1090 1120 fuit.

189 1151 249 1190 ‘Si
278 1160 382 1189 torus
410 1149 449 1187 in
477 1148 602 1198 pretio
633 1154 701 1194 est,
732 1146 841 1184 dicor
868 1154 1047 1184 matrona
1073 1146 1278 1194 Tonantis,

243 1219 251 1234 ‘
268 1217 486 1263 Iunctaque
515 1211 685 1261 Tarpeio
715 1217 804 1248 sunt
832 1222 921 1247 mea
948 1211 1094 1260 templa
1123 1211 1219 1249 Iovi.

189 1283 275 1318 ‘An
304 1279 431 1329 potuit
461 1277 570 1316 Maio
595 1277 711 1326 pelex
738 1275 831 1312 dare
859 1274 1021 1312 nomina
1049 1275 1186 1322 mensi,

243 1349 251 1365 ‘
268 1346 347 1382 Hic
374 1345 501 1381 honor
529 1342 568 1380 in
596 1341 710 1380 nobis
739 1340 955 1379 invidiosus
984 1339 1083 1378 erit?

191 1411 291 1448 ‘Cur
318 1408 432 1457 igitur
459 1407 591 1457 regina
618 1420 738 1445 vocor
765 1407 1026 1456 princepsque
1055 1405 1243 1443 dearum?

244 1476 398 1511 ‘Aurea
427 1486 495 1510 cur
523 1472 679 1510 dextrae
709 1480 863 1521 sceptra
891 1472 1036 1510 dedere
1064 1471 1204 1508 meae?

192 1540 279 1576 ‘An
306 1537 449 1575 facient
476 1549 652 1574 mensem
681 1536 798 1582 luces,
830 1535 1056 1584 Lucinaque
1085 1535 1134 1571 ab
1162 1532 1238 1571 illis

245 1602 396 1648 ‘Dicar,
427 1609 465 1639 et
493 1615 517 1639 a
543 1602 651 1639 nullo
680 1600 843 1639 nomina
870 1612 1005 1638 mense
1034 1599 1211 1637 traham?

193 1669 318 1705 ‘Tum
347 1679 409 1704 me
438 1665 635 1715 paeniteat
662 1665 841 1714 posuisse
870 1663 1036 1702 fideliter
1063 1662 1137 1700 iras

246 1733 317 1768 ‘In
344 1744 466 1780 genus
496 1731 673 1768 Electrae
702 1728 1022 1778 Dardaniamque
1051 1728 1225 1766 domum.

195 1797 347 1834 ‘Causa
375 1796 519 1844 duplex
546 1794 635 1832 irae.
692 1802 805 1844 rapto
834 1794 1065 1844 Ganymede
1095 1794 1303 1832 dolebam:

247 1862 411 1898 ‘Forma
439 1873 595 1910 quoque
627 1861 749 1898 Idaeo
778 1860 908 1899 iudice
935 1860 1039 1898 victa
1066 1872 1156 1898 mea
1183 1867 1251 1898 est.

196 1925 430 1971 ‘Paeniteat,
461 1926 567 1975 quod
595 1938 676 1963 non
705 1926 819 1964 foveo
850 1924 1095 1974 Carthaginis
1123 1937 1243 1971 arceS‚

249 1995 257 2010 ‘
274 1991 375 2028 Cum
404 2002 491 2027 mea
522 1989 598 2027 sint
625 1989 692 2027 illo
722 2002 853 2027 currus
883 1997 921 2028 et
947 2002 1055 2026 arma
1082 1990 1181 2026 loco.

196 2053 420 2091 ‘Paeniteat
449 2054 611 2102 Sparten
640 2055 844 2102 Argosque
872 2066 1059 2102 measque
1088 2054 1278 2102 Mycenas

250 2119 323 2155 ‘Et
349 2124 519 2154 veterem
549 2116 661 2154 Latio
691 2116 941 2166 supposuisse
970 2118 1125 2155 Samon.

198 2181 335 2220 ‘Adde
363 2193 496 2218 senem
524 2181 692 2227 Tatium,
723 2181 1053 2230 Iunonicolasque
1082 2179 1266 2227 Faliscos,

251 2246 385 2294 ‘Quos
413 2257 486 2294 ego
515 2245 705 2283 Romanis
734 2245 985 2284 succubuisse
1012 2245 1093 2284 tuli.

1453 638 1499 676 25

1454 965 1505 1001 30

1457 1287 1504 1324 35

1459 1610 1510 1645 40

1460 1934 1509 1973 45

1461 2257 1512 2295 50
