1465 2449
410 354 453 394 P.
496 354 700 397 OV1D11
746 353 1025 396 NASONIS

343 472 393 532 F
433 474 495 532 A
535 472 579 533 S
619 473 676 532 T
716 472 776 533 O
820 473 877 532 R
916 472 978 534 U
1020 473 1088 533 M

582 621 752 658 LIBER
780 621 851 658 VI.

263 809 636 842 EXPLANATIONS
663 809 723 840 OF
749 809 848 840 THE
873 809 1014 841 NAME
1035 809 1166 851 JUNE

207 921 232 946 1.
282 911 398 945 From
415 911 522 945 Iuno.
578 910 652 944 lec
660 909 816 954 goddess
831 911 991 954 appears
1007 913 1043 944 2⁴0
1060 911 1120 944 tlte
1129 914 1217 956 poet

59 1000 139 1038 Hic
168 1013 327 1050 quoque
355 999 500 1039 mensis
528 1000 646 1038 habet
675 998 813 1037 dubias
842 997 881 1035 in
911 999 1069 1037 nomine
1098 1013 1257 1040 causas:

112 1066 224 1114 Quae
252 1067 446 1115 placeant,
475 1064 612 1114 positis
642 1064 824 1102 omnibus
854 1064 935 1113 ipse
965 1065 1079 1113 leges.

59 1131 178 1168 Facta
206 1143 354 1168 canam.
413 1131 483 1168 sed
512 1138 636 1177 erunt,
667 1130 734 1180 qui
762 1143 825 1169 me
854 1129 1009 1169 finxisse
1038 1131 1255 1180 loquantur,

112 1195 309 1244 Nullaque
337 1194 490 1233 mortali
519 1194 681 1232 numina
708 1194 790 1232 visa
817 1202 966 1244 putent.

59 1259 130 1296 Est
159 1258 256 1296 deus
284 1257 322 1296 in
353 1258 491 1297 nobis!
547 1258 716 1308 agitante
745 1259 973 1296 calescimus
1002 1258 1091 1297 illo:
1353 1271 1374 1310 5

112 1323 288 1372 Impetus
316 1321 379 1360 hic
408 1335 539 1361 sacrae
568 1322 718 1360 semina
745 1322 887 1360 mentis
917 1323 1044 1361 habet.

58 1387 133 1424 Fas
161 1386 257 1424 mihi
284 1385 493 1436 praecipue
523 1387 652 1425 voltus
680 1385 824 1424 vidisse
853 1387 1029 1434 deorum,

111 1452 186 1489 Vel
215 1451 306 1501 quia
334 1464 419 1490 sum
448 1459 567 1498 vates,
598 1453 659 1489 vel
688 1452 780 1501 quia
809 1465 917 1490 sacra
945 1465 1055 1490 cano.

59 1516 129 1553 Est
157 1528 295 1554 nemus
323 1515 525 1555 arboribus
555 1517 733 1559 densum,
762 1523 931 1554 secretus
960 1517 1010 1554 ab
1041 1525 1146 1555 omn·¹

111 1580 221 1617 Voce
250 1580 368 1627 locus,
400 1580 431 1618 si
460 1593 540 1619 non
570 1581 858 1629 obstreperetur
884 1580 1004 1630 aquis.
1334 1596 1378 1619 10

60 1643 141 1681 Hic
170 1656 243 1694 ego
272 1645 518 1693 quaerebam,
550 1645 681 1694 coepti
710 1657 810 1694 quae
837 1644 983 1683 mensis
1012 1645 1119 1695 origo

114 1709 238 1754 Esset,
269 1716 308 1746 et
336 1708 374 1746 in
404 1721 496 1746 cura
525 1708 695 1747 nominis
723 1709 837 1747 huius
866 1721 980 1747 eram.

60 1773 165 1810 Ecce
194 1773 287 1810 deas
315 1771 417 1810 vidi:
446 1785 527 1810 non
557 1785 653 1821 quas
682 1780 914 1822 praeceptor
941 1773 1078 1812 arandi

111 1836 286 1884 Viderat,
316 1840 506 1876 Ascraeas
535 1851 623 1876 cum
652 1845 877 1887 sequeretur
904 1851 1020 1877 oves:

60 1903 146 1940 Nec
175 1915 271 1952 quas
301 1903 515 1942 Priamides
545 1903 583 1941 in
613 1916 785 1953 aquosae
814 1904 978 1942 vallibus
1009 1904 1107 1943 Idae
1333 1918 1377 1956 15

114 1968 300 2007 Contulit.
361 1982 409 2008 ex
437 1969 510 2007 illis
540 1970 609 2008 sed
638 1976 769 2007 tamen
799 1982 877 2007 una
906 1969 986 2008 fuit.

60 2033 119 2070 Ex
147 2032 220 2072 illis
248 2034 319 2073 fuit
347 2048 436 2081 una,
468 2035 526 2073 sui
554 2048 740 2085 germana
768 2035 918 2074 mariti:

114 2099 229 2136 Haec
257 2106 350 2147 erat,
377 2098 530 2149 agnovi,
561 2112 661 2149 quae
690 2105 766 2137 stat
794 2099 833 2137 in
861 2112 950 2138 arce
980 2099 1094 2139 Iovis.

60 2164 317 2211 Horrueram,
347 2164 546 2213 tacitoque
575 2162 748 2201 animum
779 2164 925 2213 pallore
954 2165 1111 2203 fatebar.

112 2229 214 2265 Tum
245 2228 329 2276 dea,
361 2241 460 2278 quos
489 2228 591 2277 fecit,
623 2230 774 2269 sustulit
803 2229 887 2280 ipsa
915 2238 1052 2270 metus.
1333 2246 1380 2271 20
