1465 2449
586 101 773 140 LIBER
812 102 878 142 VI.
1329 119 1348 142 2
1359 120 1372 142 1

55 185 154 225 ‘Sed
182 199 311 237 neque
339 185 549 237 paeniteat,
580 199 655 225 nec
682 199 779 236 gens
808 185 903 224 mihi
932 186 1057 225 carior
1085 188 1164 225 ulla
1193 196 1260 226 est.

107 250 214 289 ‘Hic
241 252 358 297 colar,
388 251 451 289 hic
482 259 637 289 teneam
665 264 756 289 curn
787 252 882 290 Iove
911 252 1058 300 templa
1086 264 1186 290 meo.

54 314 170 364 ‘Ipse
199 314 295 353 mihi
324 316 485 353 Mavors
515 315 802 353 “Commendo
831 314 1019 353 moenia''
1048 314 1146 353 dixit

108 382 155 400 ‘⁴‘
170 381 284 418 Haec
313 379 393 417 tibi.
453 386 494 417 tu
523 379 676 428 pollens
704 380 799 417 urbe
829 378 982 428 nepotis
1011 379 1121 417 eris.’'

54 442 194 482 ‘Dicta
221 443 318 482 fides
347 443 530 492 sequitur.
588 450 746 480 centum
775 443 1016 480 celebramur
1043 442 1082 480 in
1111 443 1211 482 arist
1328 460 1346 497 5
1355 459 1374 496 5

108 509 218 547 ‘Nec
246 508 368 546 levior
395 507 534 557 quovis
563 514 621 545 est
649 506 744 544 mihi
773 505 918 544 mensis
947 507 1082 545 honor.

54 573 164 611 ‘Nec
192 579 324 610 tamen
352 572 458 609 hunc
487 570 602 609 nobis
631 570 906 608 tantummodo
935 578 1105 619 praestat
1133 572 1324 610 honorem

108 637 272 675 ‘Rorna.
330 636 543 674 suburbani
572 636 668 673 dant
696 635 790 672 mihi
819 648 962 673 munus
991 635 1107 674 idem.

54 701 247 751 ‘Inspice,
276 714 376 751 quos
404 702 548 739 habeat
576 699 784 738 nemoralis
812 699 943 738 Aricia
970 701 1102 748 fastos,

107 767 183 804 ‘Et
210 766 379 816 populus
410 766 584 803 Laurens
614 764 914 814 Lanuviumque
943 777 1098 803 meum:
1328 770 1377 805 60

56 831 148 868 ‘Est
176 829 254 867 illic
281 829 426 868 mensis
457 829 659 868 Iunonius.
719 829 876 878 Inspice
905 829 1030 867 Tibur

108 896 182 933 ‘Et
211 895 487 934 Praenestinae
515 895 670 934 moenia
700 908 809 933 sacra
837 895 960 933 deae:

55 961 272 999 ‘Iunonale
300 961 406 1010 leges
435 968 599 1010 tempus.
659 962 747 998 Nec
777 961 970 998 Romulus
999 960 1084 999 illas

107 1025 329 1065 ‘Condidit.
387 1033 427 1064 at
454 1026 576 1064 nostri
605 1027 736 1064 Roma
763 1026 918 1075 nepotis
947 1027 1049 1065 erat)

53 1147 84 1173 2.
133 1138 249 1173 From
266 1138 276 1156 ‘
286 1138 462 1174 iuvenes.'
508 1138 608 1172 Hebe
626 1138 791 1172 likewise
807 1141 965 1183 appears
980 1139 1200 1182 andpleads
1212 1139 1285 1184 sor
1299 1139 1377 1172 lm·-

269 1196 349 1241 selJ‘,
367 1197 448 1230 and
459 1195 519 1230 tlte
535 1195 649 1239 youth
666 1207 758 1230 over
771 1196 893 1230 whom
910 1196 972 1230 slce
984 1197 1159 1242 presides.

53 1279 227 1320 Finierat
255 1282 369 1319 Iuno.
429 1281 703 1330 Respeximus.
763 1281 947 1318 Herculis
976 1294 1075 1320 uxor
1327 1286 1375 1333 65

105 1345 251 1392 Stabat,
283 1352 322 1383 et
349 1344 390 1382 in
418 1346 528 1383 voltu
557 1344 666 1394 signa
695 1344 840 1383 doloris
870 1353 988 1383 erant.

53 1410 171 1448 ‘Non
199 1422 285 1459 ego,
316 1409 348 1448 si
376 1416 461 1448 toto
490 1417 614 1448 mater
642 1423 706 1448 me
735 1411 874 1448 cedere
903 1411 1014 1448 caelo

107 1475 303 1522 ‘Iusserit‚
332 1473 455 1512 invita
483 1482 606 1513 matre
635 1476 828 1513 morabor'
858 1476 920 1513 ait.

54 1539 197 1577 ‘Nunc
225 1551 384 1589 quoque
412 1551 494 1577 non
522 1540 648 1577 luctor
677 1540 728 1577 de
755 1539 915 1578 nomine
945 1539 1132 1589 temporis
1159 1539 1296 1580 huius:

109 1603 330 1650 ‘Blandior,
359 1610 398 1640 et
426 1610 556 1652 partes
585 1616 711 1652 paene
739 1603 913 1652 rogantis
941 1617 1027 1653 ago,
1327 1617 1377 1654 70

55 1668 262 1717 ‘Remque
288 1667 366 1706 mei
395 1667 485 1706 iuris
515 1667 648 1705 malim
677 1668 848 1706 tenuisse
877 1669 1100 1718 precando:

108 1732 182 1769 ‘Et
209 1732 339 1770 faveas
368 1745 506 1770 causae
536 1733 697 1771 forsitan
726 1733 810 1783 ipse
838 1747 960 1772 meae.

54 1797 209 1834 ‘Aurea
235 1796 413 1846 possedit
441 1797 550 1836 socio
579 1798 776 1847 Capitolia
804 1799 953 1848 templo

107 1862 272 1908 ‘Mater,
301 1869 341 1900 et
369 1869 412 1900 ut
441 1863 572 1905 debet,
602 1875 693 1900 curn
723 1864 819 1901 Iove
848 1877 1000 1902 summa
1028 1871 1146 1904 tenet.

55 1927 131 1964 ‘At
159 1926 281 1965 decus
309 1939 428 1965 omne
455 1926 552 1965 mihi
580 1926 772 1976 contingit
799 1927 947 1977 origine
975 1928 1130 1967 mensis.
1328 1941 1374 1980 75

106 1989 284 2030 ‘Unicus
311 1997 382 2037 est,
412 1991 463 2029 de
491 2003 571 2040 quo
600 1990 864 2038 sollicitamur,
894 1991 1030 2030 honor.

55 2053 185 2102 ‘Quid
212 2068 340 2105 grave,
371 2055 403 2094 si
432 2056 585 2094 titulum
614 2055 768 2103 mensis,
800 2057 993 2103 Romane,
1023 2056 1166 2096 dedisti

108 2119 317 2159 “Herculis
346 2121 470 2167 uxori,
500 2120 785 2170 posteritasque
813 2122 992 2159 mernor?

55 2183 194 2221 ‘Haec
221 2195 380 2234 quoque
408 2191 508 2222 terra
535 2183 682 2233 aliquid
711 2185 830 2222 debet
859 2183 954 2222 mihi
982 2184 1143 2223 nomine
1172 2187 1303 2236 magni

108 2246 330 2297 ‘Coniugis
389 2248 466 2286 huc
494 2254 627 2297 captas
656 2246 806 2297 appulit
833 2247 897 2286 ille
924 2248 1055 2287 boves.
1325 2254 1376 2290 80
