1465 2449
581 101 767 139 LIBER
810 101 876 140 VJ.
955 93 978 98 “
1338 115 1384 151 35

68 189 223 230 Scilicet
251 189 446 230 interdum
475 188 688 228 miscentur
715 186 837 227 tristia
865 187 986 236 laetis,

122 256 210 294 Nec
236 256 426 305 populum
455 260 539 292 toto
567 260 725 303 pectore
754 254 853 290 festa
880 251 1023 290 iuvant.

69 320 232 358 Crassus
260 319 311 356 ad
340 318 565 368 Euphraten
594 317 744 366 aquilas
772 324 986 365 natumque
1015 328 1183 365 suosque
1314 319 1386 366 465

122 382 308 428 Perdidit,
338 389 376 420 et
404 383 483 420 leto
512 389 570 420 est
597 380 756 419 ultimus
785 379 868 429 ipse
897 379 1022 417 datus.

69 447 244 494 ‘Parthe,
275 446 370 496 quid
399 447 597 484 exultas?’
626 445 725 483 dixit
753 446 828 483 dea
857 444 990 494 ‘signa
1016 444 1213 483 remittes:

123 511 303 560 ‘Quique
331 523 468 549 necem
501 510 629 550 Crassi
659 509 845 556 vindicet,
875 510 978 547 ultor
1005 509 1100 547 erit!

386 635 428 660 10
445 625 558 671 June.
609 626 750 671 Rising
763 626 811 670 of
819 625 878 659 the
894 625 1073 670 Delphin.

67 708 122 746 At
149 705 263 746 simul
290 705 422 744 auritis
449 705 575 744 violae
605 706 814 744 demuntur
841 705 981 751 asellis,

121 773 173 811 Et
201 771 353 812 Cereris
380 772 509 821 fruges
538 783 675 820 aspera
703 783 795 809 saxa
822 777 962 816 terunt,
1316 783 1392 818 470

69 837 212 875 Navita
238 849 372 886 puppe
401 836 541 874 sedens
571 835 794 885 ‘Delphina
821 834 1065 882 videbimus,'
1094 835 1220 884 inquit

123 901 295 941 ‘Umida
322 914 414 940 cum
440 902 555 950 pulso
585 913 664 939 nox
695 900 765 938 erit
793 908 877 938 orta
905 899 993 938 die!

103 1027 116 1052 1
127 1027 140 1052 1
162 1017 274 1063 June.
324 1017 528 1060 Matralia,
547 1017 630 1050 and
641 1016 816 1051 Festz'val
829 1015 1049 1060 ofMaluta.
1101 1015 1213 1060 Story
1230 1016 1276 1060 of
1284 1016 1360 1049 lm.

70 1097 167 1144 Iam,
198 1095 339 1146 Phryx,
370 1108 393 1133 a
419 1102 543 1144 nupta
571 1093 751 1144 quereris,
781 1093 967 1140 Tsthone,
997 1092 1172 1143 relinqui,

122 1162 174 1199 Et
200 1159 292 1210 vigil
320 1159 402 1198 eois
433 1159 589 1196 Lucifer
617 1158 695 1196 exit
724 1158 846 1206 aquis.

69 1227 139 1268 Ite,
170 1225 299 1263 bonae
326 1230 708 1269 matres,—vestrum
739 1221 921 1260 Matralia
948 1222 1143 1260 festum—
1316 1235 1363 1271 47
1371 1235 1390 1272 5

121 1289 318 1339 Flavaque
346 1288 561 1326 Thebanae
588 1286 740 1326 reddite
770 1287 849 1325 liba
877 1287 986 1325 deae.

70 1353 262 1392 Pontibus
291 1360 331 1392 et
359 1365 503 1404 magno
531 1352 664 1390 iuncta
693 1359 750 1390 est
781 1350 1033 1389 celeberrima
1063 1350 1177 1390 Circo

119 1420 234 1464 Area,
263 1430 363 1468 quae
391 1417 521 1467 posito
551 1417 601 1455 de
630 1417 732 1454 bove
762 1428 907 1453 nomen
937 1415 1066 1454 habet.

70 1484 160 1521 Hac
187 1482 242 1521 ibi
269 1483 357 1521 luce
386 1483 514 1520 ferunt
545 1483 722 1519 Matutae
752 1493 859 1518 sacra
888 1480 1039 1529 parenti

119 1547 369 1597 Sceptriferas
399 1545 506 1585 Servi
534 1546 683 1594 templa
711 1544 865 1582 dedisse
894 1557 1044 1582 manus.
1317 1546 1392 1591 480

68 1613 180 1661 Quae
208 1612 283 1650 dea
310 1611 370 1659 sit,
400 1623 518 1661 quare
546 1611 708 1648 famulas
737 1622 760 1647 a
786 1608 920 1647 limine
949 1608 1085 1659 templi

120 1678 423 1715 Arceat—arcet
452 1675 772 1723 enim—libaque
802 1681 904 1713 tosta
931 1676 1069 1723 petat?

69 1741 234 1787 Bacche,
263 1741 510 1779 racemiferos
539 1740 684 1778 hedera
711 1738 890 1778 redimite
918 1738 1091 1788 capillos,

120 1806 160 1845 Si
190 1807 331 1844 domus
361 1805 425 1843 illa
454 1813 520 1843 tua
549 1811 618 1852 est,
649 1804 769 1854 dirige
798 1803 895 1842 vatis
924 1816 1035 1853 opus.

67 1872 224 1910 Arserat
251 1870 442 1920 obsequio
470 1870 624 1909 Semele
653 1869 768 1908 Iovis.
826 1868 968 1918 accipit
997 1869 1072 1906 Ino
1316 1870 1390 1919 485

119 1936 179 1973 Te
206 1947 313 1984 puer,
343 1942 382 1972 et
411 1947 563 1972 summa
591 1934 727 1972 sedula
755 1932 876 1971 nutrit
904 1944 990 1981 ope.

68 1997 260 2038 Intumuit
288 2000 402 2046 Iuno,
431 2007 586 2048 raptum
614 1999 723 2048 quod
751 1998 875 2047 pelice
903 2004 1037 2034 natum

121 2063 283 2102 Educet.
340 2069 380 2101 at
409 2061 563 2112 sanguis
591 2061 654 2100 ille
684 2061 824 2099 sororis
853 2068 946 2098 erat.

70 2127 179 2167 Hinc
206 2127 332 2178 agitur
358 2127 464 2166 furiis
493 2127 683 2165 Athamas
712 2133 751 2164 et
779 2124 948 2174 imagine
976 2124 1084 2169 falsa,

120 2193 261 2242 Tuque
289 2191 396 2230 cadis
426 2191 561 2240 patria,
590 2202 709 2239 parve
738 2189 922 2234 Learche,
954 2201 1082 2226 manu.
1315 2200 1390 2236 490
