1642 2490
208 111 256 146 42
590 96 624 135 O
636 96 794 134 VIBII
823 96 1052 135 FASTOR
1064 96 1158 135 UM

209 186 318 223 ‘Nec
347 196 466 231 mora,
496 182 684 222 convivae
711 182 842 221 valido
871 181 1079 221 titubantia
1106 181 1197 220 vino

261 247 464 285 ‘Membra
492 253 660 284 movent.
720 245 829 284 dubii
859 253 1041 296 stantque
1071 246 1280 296 labantque
1311 249 1440 296 pedes.

209 311 284 352 ‘At
312 311 497 352 dominus
528 310 764 350 “Discedite
782 312 820 350 l''
849 311 913 357 ait,
944 313 1196 361 plaustroque
1225 319 1421 350 morantes

261 376 452 416 ‘Sustulit.
510 376 550 415 in
578 377 751 426 plaustro
781 375 930 426 scirpea
958 377 1035 415 lata
1062 376 1143 414 fuit.
1458 378 1536 414 680

209 441 416 480 ‘Alliciunt
446 453 605 479 somnos
633 447 800 490 tempus,
831 448 1051 490 motusque,
1083 453 1324 489 merumque,

262 507 461 554 ‘Potaque
490 517 530 543 se
559 503 683 543 Tibur
711 504 824 542 turba
851 504 975 543 redire
1005 512 1127 554 putat.

209 571 397 618 ‘Iamque
425 581 494 618 per
523 567 716 617 Esquilias
745 569 970 606 Romanam
999 568 1205 606 intraverat
1233 569 1379 614 urbem,

264 635 339 672 ‘Et
366 645 480 671 mane
509 631 549 670 in
578 632 710 670 medio
739 633 910 682 plaustra
937 632 1043 670 fuere
1073 633 1165 670 foro.

211 697 417 745 ‘Plautius‚
448 704 491 735 ut
518 703 650 746 posset
679 696 809 746 specie
838 709 1079 746 numeroque
1108 703 1286 734 senatum
1456 697 1529 745 685

265 762 447 808 ‘Fallere,
477 760 654 811 personis
683 760 846 811 imperat
875 774 941 800 ora
970 760 1059 811 tegi,

210 827 515 877 ‘Admiseetque
543 827 652 873 alios,
682 834 732 874 et,
761 834 803 865 ut
832 828 937 865 hunc
966 826 1126 866 tibicina
1155 832 1312 865 coetum

263 896 449 943 ‘Augeat,
479 891 519 930 in
548 890 674 941 longis
702 891 875 930 vestibus
904 904 987 930 esse
1017 891 1148 930 iubet:

210 958 294 997 ‘Sic
322 959 484 996 reduces
512 957 613 996 bene
641 969 757 1007 posse
786 957 875 1007 tegi,
905 970 955 996 ne
985 958 1083 995 forte
1113 962 1298 995 notentur

261 1025 431 1063 ‘Contra
459 1022 631 1071 collegae
660 1021 762 1060 iussa
790 1021 937 1059 redisse
967 1020 1035 1059 sui.
1455 1020 1532 1067 690

209 1091 312 1127 ‘Res
340 1086 494 1137 placuit.
555 1087 742 1135 cultuque
771 1099 874 1124 novo
903 1086 996 1124 libet
1027 1085 1165 1124 Idibus
1193 1085 1261 1130 uti,

263 1155 334 1191 ‘Et
363 1164 500 1190 canere
529 1152 580 1190 ad
608 1158 756 1190 veteres
784 1151 902 1190 verba
931 1150 1065 1189 iocosa
1093 1150 1258 1189 modos’

215 1394 309 1440 Why
328 1394 409 1439 ἰὴν]
422 1405 486 1428 are
503 1394 623 1428 called
637 1394 906 1439 Quinquatrus.
959 1394 992 1427 S
991 1397 1070 1438 l07y
1083 1394 1128 1438 of
1136 1394 1315 1427 Asinerva
1333 1392 1534 1437 inventing

772 1451 944 1496 tlzeflule.

208 1549 321 1585 Haec
350 1547 416 1586 ubi
443 1547 658 1597 perdocuit,
691 1549 895 1597 ‘Superest
924 1547 1018 1585 mihi
1047 1547 1217 1586 discere’
1247 1546 1327 1585 dixi

260 1613 363 1651 ‘Cur
391 1611 439 1650 sit
468 1611 735 1661 Quinquatrus
765 1612 829 1649 illa
857 1619 995 1650 vocata
1024 1611 1130 1650 dies.'

209 1676 415 1714 ‘Martius’
444 1675 570 1725 inquit
600 1676 700 1726 ‘agit
728 1676 795 1715 tali
824 1690 911 1715 mea
939 1676 1099 1715 nomine
1125 1678 1232 1722 festa,
1453 1677 1528 1725 695

260 1743 431 1790 ‘Estque
459 1741 530 1779 sub
559 1740 726 1780 inventis
755 1742 852 1779 haec
880 1754 1037 1790 quoque
1066 1742 1179 1779 turba
1208 1739 1314 1778 meis.

208 1804 369 1852 ‘Prima‚
399 1804 592 1843 terebrato
620 1817 689 1854 per
716 1818 800 1843 rara
827 1805 1017 1843 foramina
1045 1805 1161 1852 buxo,

260 1870 340 1907 ‘Ut
368 1869 477 1907 daret
505 1868 616 1907 effeci
644 1868 738 1907 tibia
766 1869 883 1918 longa
912 1882 1040 1907 sonos.

209 1935 319 1971 ‘Vox
346 1933 501 1982 placuit.
557 1932 697 1971 faciem
724 1933 883 1982 liquidis
911 1932 1165 1972 referentibus
1194 1932 1310 1971 undis

261 1997 375 2035 ‘Vidi
402 1997 591 2047 virgineas
620 1996 850 2036 intumuisse
878 2011 1007 2048 genas.
1454 2009 1528 2045 700

209 2063 334 2099 “‘Ars
363 2061 457 2098 mihi
486 2074 566 2099 non
595 2060 693 2099 tanti
721 2069 791 2100 est.
849 2063 988 2108 valeas,
1020 2075 1108 2100 mea
1135 2061 1284 2100 tibia1²⁷
1314 2060 1403 2099 dixi.

262 2125 440 2174 ‘Excipit
468 2125 660 2163 abiectam
689 2126 859 2176 caespite
887 2126 969 2176 ripa
999 2139 1079 2165 suo.

210 2192 436 2228 ‘Inventam
465 2191 620 2240 Satyrus
648 2190 816 2240 primurn
846 2191 1014 2237 miratur,
1045 2198 1084 2229 et
1112 2204 1224 2229 usum

261 2254 430 2301 ‘Neseit,
461 2261 499 2293 et
528 2254 700 2293 inflatam
730 2255 848 2294 sensit
877 2256 1019 2295 habere
1050 2269 1214 2294 sonum:
