1465 2449
573 91 757 130 LIBER
795 92 861 133 VJ.
967 91 986 96 ““
1313 113 1358 151 25

189 198 286 245 Why
304 199 425 244 bacon,
443 199 563 241 beans,
581 201 664 234 and
675 200 779 234 meal
789 211 854 234 are
868 204 972 235 caten
991 213 1037 236 on
1060 212 1072 236 1
1095 201 1206 247 Jeme.

38 277 202 329 Pinguia
229 292 299 318 cur
329 278 402 318 illis
431 285 635 329 gustentur
664 279 773 316 larda
805 278 1007 327 Kalendis,

91 343 296 394 Mixtaque
326 357 416 382 cum
447 344 574 382 calido
605 343 653 382 sit
684 344 773 382 saba
802 345 909 392 ἧπτε,
940 347 1083 396 rogas?
1289 362 1361 398 170

38 406 170 446 Prisca
198 408 274 447 dea
301 415 372 455 est,
403 408 596 458 aliturque
628 407 725 446 cibis
751 408 894 457 quibus
923 417 1016 448 ante
1043 410 1207 459 solebat,

91 474 178 512 Nec
206 472 304 524 petit
333 472 473 512 ascitas
506 472 700 511 luxuriosa
732 473 865 523 dapes.

39 535 160 576 Piscis
188 537 319 576 adhuc
348 537 402 575 illi
432 538 582 587 populo
613 537 697 575 sine
731 538 865 576 fraude
896 540 1065 587 natabat,

90 602 308 651 ostreaque
337 600 378 639 in
408 600 569 639 conchis
599 609 683 639 tuta
712 602 819 640 fuere
850 603 939 642 suis.

37 667 125 705 Nec
153 665 308 704 Latium
335 672 459 712 norat,
491 678 608 715 quarn
640 666 800 715 praebet
831 666 943 704 Ionia
973 666 1094 713 clive&

91 731 188 778 Nec,
220 743 320 780 quae
346 732 543 781 Pygmaeo
575 730 761 781 sanguine
790 732 944 780 gaudet,
978 745 1100 772 avem.

41 796 90 833 Et
117 803 267 844 praeter
294 793 436 844 pinnas
465 794 562 832 nihil
590 795 630 832 in
656 807 808 844 pavone
837 795 1043 844 placebat:

92 859 178 898 Nec
208 859 321 898 tellus
350 866 484 908 captas
513 858 672 897 miserat
702 866 782 896 arte
814 859 922 898 feras.

38 924 110 963 Sus
139 931 220 962 erat
249 923 289 962 in
317 924 451 974 pretio.
511 937 626 962 caesa
654 936 722 963 sue
751 925 849 962 festa
879 925 1069 963 colebant.

89 990 211 1027 Terra
239 989 348 1027 fabas
379 996 530 1027 tantum
562 989 739 1037 duraque
769 989 868 1026 farra
899 989 1028 1027 dabat.
1287 993 1360 1028 180

39 1053 151 1102 Quae
181 1052 261 1090 duo
290 1051 412 1090 mixta
437 1051 551 1090 simul
582 1051 699 1090 sextis
729 1051 967 1101 quicumque
998 1052 1190 1092 Kalendis

92 1116 238 1164 Ederit,
268 1117 359 1156 huic
388 1117 491 1155 laedi
520 1117 667 1156 viscera
695 1129 810 1166 posse
841 1124 997 1166 negant.

70 1252 144 1287 The
167 1263 268 1286 same
289 1251 362 1296 day
387 1252 420 1285 is
444 1250 523 1285 also
548 1250 607 1285 tlte
619 1250 789 1296 fi’slival
809 1250 856 1294 of
870 1249 930 1284 tlze
953 1250 1103 1294 temples
1127 1250 1174 1294 qs
1186 1251 1349 1295 Moneta,

116 1309 238 1352 AIars,
259 1308 340 1342 and
359 1309 568 1353 Tempestas
579 1317 591 1341 .·
616 1307 699 1341 and
710 1318 757 1341 on
775 1306 858 1341 that
873 1307 945 1350 day
962 1305 1021 1340 tlte
1036 1306 1160 1351 Eagle
1177 1307 1276 1340 riscs.

37 1406 138 1443 Arce
168 1416 328 1454 quoque
358 1402 398 1442 in
429 1416 582 1442 summa
613 1402 758 1441 Iunoni
789 1403 937 1452 templa
968 1403 1159 1440 Monetae

91 1471 152 1508 Ex
178 1476 272 1507 voto
300 1476 519 1507 memorant
547 1469 660 1514 facta,
694 1467 873 1513 Camille‚
903 1474 983 1505 tuo.

38 1533 142 1570 Ante
172 1532 314 1571 domus
345 1531 471 1569 Manli
501 1533 637 1578 suerat,
670 1530 737 1580 qui
769 1530 918 1570 Gallica
949 1530 1150 1580 quondam
1290 1531 1361 1580 185

89 1598 127 1634 A
157 1595 383 1646 Capitolino
413 1596 580 1646 reppulit
609 1609 716 1633 arma
747 1597 853 1633 Iove.

39 1660 169 1708 Quam
198 1660 312 1707 bene,
343 1659 384 1698 di
415 1659 569 1709 magni!
606 1672 738 1709 pugna
768 1659 972 1698 cecidisset
1001 1657 1042 1697 in
1071 1656 1148 1703 illa,

92 1724 286 1762 Defensor
316 1723 414 1770 solii,
447 1723 624 1773 Iuppiter
653 1724 741 1770 alte,
775 1723 855 1762 tui!

37 1786 155 1834 Vixit,
187 1794 230 1825 ut
258 1786 455 1826 occideret
486 1787 694 1825 damnatus
725 1786 888 1824 crimine
915 1784 1034 1836 regni.

91 1853 214 1890 Hunc
242 1850 298 1889 illi
327 1850 481 1889 titulum
513 1851 631 1901 longa
661 1857 819 1889 senecta
847 1850 977 1889 dabat.
1285 1863 1360 1901 190

38 1917 123 1954 Lux
149 1915 289 1954 eadem
319 1914 438 1953 Marti
467 1915 563 1953 festa
594 1922 662 1962 est,
693 1927 812 1964 quem
840 1913 1029 1965 prospicit
1058 1920 1164 1953 extra

88 1978 326 2029 Appositum
356 1980 504 2017 Tectae
534 1986 647 2028 porta
680 1979 841 2028 Capena
872 1977 968 2016 viae.

35 2043 96 2080 Te
125 2054 294 2092 quoque,
325 2044 570 2092 Tempestas,
604 2042 781 2081 meritam
812 2043 974 2081 delubra
1004 2043 1182 2090 fatemur,

90 2107 194 2146 Cum
224 2120 350 2158 paene
380 2115 439 2146 est
472 2107 604 2146 Corsis
635 2108 775 2146 obruta
808 2107 942 2146 classis
972 2106 1093 2157 aquis.

38 2172 152 2210 Haec
169 2171 373 2210 hominurn
393 2171 635 2210 monimenta
654 2179 800 2221 patent.
861 2171 900 2210 Si
920 2170 1103 2221 quaeritis
1122 2178 1236 2219 astra,
1273 2181 1344 2222 195

88 2237 204 2275 Tunc
234 2236 353 2276 oritur
383 2236 514 2287 magni
543 2249 705 2287 praepes
736 2237 892 2275 adunca
922 2234 1039 2275 Iovis.
