1642 2490
189 107 236 141 32
570 96 775 134 OVJDJJ
801 95 1128 133 FASTORUM

191 180 329 218 ‘Nunc
358 180 495 230 inopes
523 180 660 227 victus,
691 179 906 229 ignavaque
936 179 1014 215 fata
1042 177 1225 214 timentes

244 245 407 282 ‘Monte
437 258 506 282 suo
536 246 687 281 clausos
715 243 878 281 barbara
905 242 1019 279 turba
1048 239 1214 289 premit’

189 308 303 344 Tunc
331 309 478 354 Venus,
508 315 546 345 ct
574 307 670 345 lituo
698 306 859 355 pulcher
886 305 1098 352 trabeaque
1128 301 1326 351 Quirinus,
1434 312 1508 352 375

243 373 440 420 Vestaque
469 384 538 420 pro
568 371 681 409 Latio
710 371 832 407 multa
860 370 991 406 locuta
1020 380 1092 405 suo
1121 374 1190 405 est.

193 435 398 473 ‘Publica’
426 434 628 484 respondit
657 437 770 471 ‘cura
799 440 857 471 est
884 445 955 482 pro
986 431 1194 470 moenibus
1223 429 1328 477 istis,'

247 498 420 548 Iuppiter
449 501 511 536 ‘et
539 511 686 547 poenas
716 499 842 536 Gallia
869 499 974 537 victa
1002 498 1123 538 dabit.

195 564 277 599 ‘Tu
307 563 426 600 modo
456 575 555 612 quae
584 564 726 602 desunt
754 565 892 614 fruges,
925 576 1127 614 superesse
1156 567 1353 612 putentur,

248 628 403 674 ‘Effice,
433 640 507 665 nec
537 629 648 666 sedes
678 630 824 676 desere,
854 631 986 676 Vesta,
1016 636 1112 666 tuas.
1439 625 1514 672 380

196 693 508 742 ‘Quodcumque
538 699 596 730 est
625 692 773 730 solidae
804 692 969 738 Cereris,
997 704 1093 729 cava
1119 688 1302 728 machina
1329 689 1488 737 frangat,

250 757 546 806 ‘Mollitamque
575 770 694 794 manu
723 757 836 795 duret
863 756 902 794 in
932 756 1020 806 igne
1049 754 1185 794 focus.’

198 823 377 868 Iusserat,
409 828 447 860 et
474 821 597 859 fratris
625 821 733 871 virgo
762 821 940 861 Saturnia
968 821 1081 859 iussis

249 885 407 923 Annuit.
465 893 503 923 et
531 885 683 923 mediae
713 892 890 934 tempora
916 885 1045 923 noctis
1074 892 1206 924 erant:

199 951 284 988 Iam
313 949 475 987 ducibus
505 962 685 987 somnum
715 950 876 989 dederat
903 952 1024 989 labor.
1083 949 1257 999 increpat
1286 949 1373 987 illos
1443 948 1517 996 385

254 1014 438 1063 luppiter.
471 1020 509 1051 et
538 1026 658 1058 sacro,
689 1013 784 1062 quid
812 1014 916 1062 velit,
947 1027 1013 1052 ore
1043 1014 1185 1052 docet:

201 1078 384 1127 ‘Surgite,
416 1088 453 1116 et
482 1077 521 1115 in
550 1077 702 1116 medios
731 1079 780 1116 de
809 1079 971 1117 summis
999 1078 1151 1116 arcibus
1179 1079 1312 1116 hostes

254 1142 435 1189 ‘Mittite,
466 1155 582 1191 quarn
612 1141 772 1180 minime
802 1143 966 1192 perdere
993 1142 1122 1189 vultis,
1152 1143 1309 1192 opeml'

200 1210 366 1246 Somnus
395 1207 485 1258 abit,
517 1215 785 1258 quaeruntque
814 1208 926 1247 novis
955 1207 1185 1257 ambagibus
1213 1205 1301 1253 acti,

254 1272 420 1310 Perdere
450 1285 567 1321 quarn
595 1273 721 1311 nolint
749 1281 788 1312 et
816 1274 1024 1312 iubeantur
1052 1285 1180 1322 opem.
1447 1280 1524 1317 390

203 1339 300 1375 Esse
328 1337 447 1375 Ceres
475 1336 556 1374 visa
585 1344 651 1375 est.
710 1337 855 1375 iaciunt
884 1337 1051 1376 Cerialia
1079 1337 1207 1375 dona:

258 1403 366 1439 Iacta
394 1414 510 1450 super
536 1403 664 1450 galeas
694 1410 881 1452 scutaque
910 1404 1028 1452 longa
1056 1407 1205 1440 sonant.

205 1468 325 1504 Posse
352 1466 453 1503 fame
481 1465 583 1503 vinci
612 1479 701 1515 spes
730 1466 885 1505 excidit.
945 1468 1074 1504 Hoste
1103 1465 1259 1514 repulso
1318 1511 1321 1513 -

258 1529 438 1568 Candida
467 1528 606 1567 Pistori
634 1529 794 1579 ponitur
820 1543 886 1568 ara
915 1529 1014 1568 Iovi.

352 1664 448 1708 {le
470 1664 529 1698 the
553 1668 720 1699 mata-ons
744 1665 847 1699 walk
871 1664 1033 1709 barcsoot
1055 1674 1101 1698 on
1127 1662 1187 1697 tlte
1219 1659 1389 1696 Vestalia.

211 1756 325 1791 Forte
354 1754 574 1791 revertebar
601 1753 707 1791 festis
735 1753 959 1791 Vestalibus
988 1753 1064 1798 illa,
1454 1758 1528 1797 395

265 1819 377 1866 Quae
406 1819 521 1856 Nova
551 1820 734 1857 Romano
763 1832 870 1857 nunc
896 1818 959 1856 via
986 1817 1118 1855 iuncta
1145 1816 1229 1853 foro
1258 1820 1326 1853 est.

214 1884 306 1919 Huc
334 1883 436 1931 pede
464 1891 683 1921 matronam
711 1884 790 1922 vidi
820 1884 1061 1922 descendere
1089 1882 1223 1920 nudo:

270 1946 466 1995 Obstipui,
496 1948 634 1986 tacitus
663 1948 906 1998 sustinuique
933 1948 1106 1998 gradum.

214 2009 341 2049 Sensit
369 2023 464 2048 anus
492 2011 619 2049 vicina
647 2011 735 2059 loci,
765 2012 992 2061 iussumque
1021 2011 1157 2049 sedere

267 2074 498 2123 Alloquitur,
529 2074 718 2123 quatiens,
749 2088 847 2113 voce
876 2082 1080 2122 tremente,
1111 2080 1251 2123 caput:
1459 2081 1536 2116 400

216 2141 344 2186 ‘Hoc,
375 2138 442 2176 ubi
470 2151 575 2176 nunc
603 2141 685 2177 fora
713 2147 813 2188 sunt,
843 2141 945 2179 udae
973 2147 1133 2178 tenuere
1161 2136 1324 2188 paludes

271 2205 421 2241 ‘Amne
449 2203 676 2242 redundatis
703 2204 807 2243 fossa
835 2205 1021 2243 madebat
1048 2201 1170 2253 aquis.
