1465 2449
596 89 782 126 LIBER
826 91 889 128 VJ.
971 90 993 96 “
1353 105 1398 140 37

83 174 212 224 ‘Quid
241 173 341 224 petis
368 172 727 222 hinc‚’—cognorat
757 172 928 211 enim—‘
942 180 1146 212 matertera
1179 175 1342 212 Bacchi?

135 241 220 277 ‘An
250 252 396 278 numen
425 239 533 288 quod
563 251 638 285 me,
669 246 707 276 te
736 251 894 288 quoque
924 240 1080 277 vexat?'
1109 238 1171 276 ait.

82 303 154 341 Illa
182 303 299 342 docet
326 302 477 353 partim,
508 301 648 352 partim
678 302 895 351 praesentia
924 302 1004 340 nati
1328 316 1400 354 525

136 368 335 416 Continet,
365 375 404 407 et
431 367 537 406 furiis
566 367 605 406 in
636 369 762 405 scelus
791 367 865 406 isse
895 369 1028 417 pudet.

80 433 243 481 Rumor,
274 441 317 471 ut
343 440 402 472 est
430 433 555 477 velox,
586 432 738 482 agitatis
768 433 942 482 pervolat
969 433 1051 479 alis,

134 499 282 548 Estque
310 499 502 547 frequens,
534 499 619 543 Ino,
652 510 796 536 nomen
827 497 866 536 in
896 511 962 537 ore
990 506 1113 536 tuum.

82 561 253 611 Hospita
280 561 500 601 Carmentis
527 562 629 600 fidos
658 561 820 600 intrasse
849 570 1011 611 penates

134 625 295 673 Diceris,
325 634 364 664 et
392 626 550 676 longam
579 625 806 675 deposuisse
835 627 988 665 famem.
1326 638 1345 677 5
1353 641 1402 677 30

81 689 179 729 Liba
206 703 276 730 sua
302 699 507 741 properata
536 703 654 729 manu
683 693 863 740 Tegeaea
892 693 1073 731 sacerdos

131 755 314 794 Traditur
341 755 380 793 in
409 754 544 793 subito
573 763 686 793 cocta
714 755 870 794 dedisse
898 757 998 794 foco.

81 819 198 857 Nunc
226 832 384 870 quoque
412 819 492 857 liba
519 819 652 858 iuvant
681 819 786 858 festis
817 821 1047 859 Matralibus
1076 821 1207 859 illam:

133 884 295 924 Rustica
323 885 508 924 sedulitas
535 885 678 935 gratior
705 894 785 924 arte
814 885 896 924 fuit.

81 949 246 996 ‘Nunc‚'
273 949 326 988 ait
356 952 402 988 ‘o
430 958 547 994 vates,
578 949 773 988 venientia
801 950 880 988 fata
907 949 1068 999 resigna,
1326 960 1398 999 535

133 1014 245 1063 ‘Qua
271 1013 371 1053 licet.
428 1013 606 1062 hospitiis
634 1014 720 1060 hoc,
751 1026 898 1063 precor,
928 1015 1030 1052 adde
1060 1012 1181 1052 meis.’

81 1077 202 1116 Parva
229 1091 338 1117 mora
365 1085 446 1126 est;
475 1078 626 1116 caelum
655 1085 761 1116 vates
789 1091 835 1116 ac
864 1078 1026 1116 numina
1054 1077 1180 1124 sumit,

132 1143 272 1193 Fitque
300 1142 360 1181 sui
387 1150 471 1181 toto
499 1150 658 1192 pectore
687 1143 803 1191 plena
831 1142 905 1180 dei.

77 1207 155 1246 Vix
181 1207 287 1246 illam
316 1206 444 1246 subito
472 1219 607 1256 posses
635 1219 882 1256 cognoscere,
913 1214 1023 1246 tanto

130 1272 306 1312 Sanctior
333 1280 370 1311 et
398 1279 519 1318 tanto,
550 1284 668 1320 quam
697 1272 830 1318 modo,
860 1271 983 1310 maior
1011 1279 1102 1311 erat.
1322 1283 1398 1321 540

79 1339 223 1376 ‘Laeta
250 1350 398 1376 canam.
455 1337 594 1388 gaude,
625 1337 808 1375 defuncta
835 1337 1032 1376 laboribus
1062 1339 1137 1376 Ino
1154 1339 1174 1375 1’

130 1401 239 1441 Dixit
268 1405 329 1441 ‘et
356 1402 448 1440 huic
474 1403 622 1452 populo
650 1414 835 1452 prospera
864 1415 1018 1452 semper
1045 1403 1162 1441 ades!

78 1468 260 1506 ‘Numen
287 1467 407 1506 habes
435 1466 570 1517 pelagi.
627 1474 764 1505 natum
794 1478 952 1516 quoque
981 1474 1124 1516 pontus
1154 1466 1320 1505 habebit.

129 1533 200 1570 ‘In
227 1532 362 1570 vestris
389 1532 496 1570 aliud
524 1531 665 1570 sumite
693 1544 839 1569 nomen
868 1531 988 1580 aquis.

78 1600 88 1617 ‘
104 1598 329 1636 Leucothea
357 1597 479 1643 Grais,
511 1598 666 1635 Matuta
693 1597 883 1635 vocabere
912 1595 1074 1634 nostris:
1321 1606 1394 1646 545

131 1662 203 1700 ‘In
230 1668 365 1712 portus
393 1669 486 1700 nato
514 1661 574 1700 ius
602 1661 672 1700 erit
700 1674 818 1699 omne
847 1668 925 1699 tuo.

79 1726 231 1774 ‘Quem
259 1738 332 1764 nos
360 1727 588 1774 Portunum,
619 1739 688 1764 sua
715 1726 847 1775 lingua
876 1727 1111 1764 Palaemona
1139 1725 1253 1764 dicet.

130 1791 225 1837 ‘Ite‚
255 1802 402 1840 precor,
432 1790 572 1828 nostris
600 1802 748 1839 aequus
775 1797 938 1839 uterque
967 1790 1108 1828 locis!'

75 1858 287 1894 Annuerat.
343 1854 534 1905 promissa
561 1855 668 1893 fides.
725 1867 890 1904 posuere
918 1855 1095 1894 labores:

129 1919 302 1959 Nomina
328 1926 537 1958 mutarunt.
594 1918 658 1956 hic
685 1919 794 1966 deus,
825 1918 889 1956 illa
917 1919 992 1957 dea
1020 1926 1087 1957 est.
1320 1931 1396 1970 550

83 2043 179 2089 Why
194 2054 241 2078 no
257 2042 378 2077 slaves
393 2042 591 2084 admitte&
614 2041 696 2075 and
707 2041 768 2076 wll
763 2053 792 2087 y
809 2041 868 2076 tlte
890 2046 1056 2077 matr-ons
1079 2044 1192 2090 bring
1213 2048 1277 2079 not
1300 2044 1398 2079 their

592 2110 676 2134 own
693 2098 869 2134 children.

77 2177 156 2216 Cur
182 2181 285 2214 vetet
313 2173 472 2213 ancillas
499 2174 697 2220 accedere,
727 2170 939 2221 quaeritis?
995 2173 1116 2212 Odit:

129 2239 446 2290 Principiumque
475 2238 566 2286 odii,
596 2238 626 2276 si
656 2236 756 2276 sinat
784 2236 860 2287 illa,
887 2249 1036 2275 canam.
