1642 2490
187 117 236 152 30
575 102 610 140 O
623 101 779 139 VJDJJ
799 100 1024 138 FASTOR
1038 99 1132 137 UM

416 214 451 247 T
447 212 490 247 lte
507 224 606 246 same
622 213 694 256 day
712 212 744 244 is
760 211 838 244 also
857 209 916 243 llze
932 209 1084 242 Balcerf
1101 209 1140 241 F
1137 208 1280 243 eslival.

189 302 294 338 Ecce
322 298 517 337 coronatis
546 296 658 346 panis
688 295 886 343 dependet
914 293 1054 339 asellis,

244 366 294 402 Et
322 364 452 401 velant
481 362 634 399 scabras
664 359 801 396 florida
831 365 931 395 serta
959 358 1094 395 molas.

190 430 281 468 Sola
309 427 412 478 prius
441 426 560 464 furnis
590 425 788 462 torrebant
816 424 915 459 farra
944 422 1087 469 coloni,

246 494 294 530 Et
326 491 527 530 Fornacali
557 497 647 528 sunt
676 501 746 526 sua
775 500 882 526 sacra
911 488 1018 526 deae.

192 557 444 606 suppositum
474 554 592 592 cineri
621 565 764 602 panem
793 553 904 590 focus
933 552 1016 601 ipse
1045 554 1218 602 parabat,

245 623 448 669 Strataque
478 627 558 656 erat
588 617 722 666 tepido
751 617 881 666 tegula
909 629 1051 665 quassa
1079 618 1174 655 solo.

193 686 292 723 Inde
322 685 451 722 focum
481 689 605 720 servat
634 682 766 731 pistor,
798 680 1078 729 dominamque
1106 681 1292 726 focorum,

249 751 297 787 Et
327 761 426 798 quae
454 746 654 797 pumiceas
682 752 808 783 versat
837 745 956 783 asella
984 745 1118 782 molas.

194 816 449 858 Praeteream,
479 812 693 849 referamne
725 816 844 854 tuum,
875 808 1092 847 rubicunde
1122 809 1273 858 Priape,

249 878 464 915 Dedecus?
520 882 578 912 est
607 873 719 911 multi
748 873 879 910 fabula
907 885 1025 921 parva
1053 872 1140 910 ioci.

196 942 400 991 Turrigera
429 941 595 977 frontem
626 938 775 987 Cybele
805 935 987 974 redimita
1014 949 1161 974 corona

251 1008 455 1046 Convocat
484 1011 662 1042 aeternos
692 1002 741 1039 ad
771 1015 841 1039 sua
869 1003 966 1039 festa
995 1002 1101 1039 deos.

200 1075 403 1112 Convocat
431 1077 470 1109 et
499 1077 646 1119 satyros
676 1076 725 1113 et,
756 1067 899 1105 rustica
927 1067 1098 1114 numina,
1129 1068 1328 1118 nymphas.

253 1137 414 1182 Silenus,
445 1134 628 1184 quamvis·
649 1146 766 1171 nemo
796 1140 966 1176 vocarat,
999 1133 1119 1170 adest.

201 1204 286 1240 Nec
315 1201 414 1252 licet,
446 1208 484 1238 et
512 1201 673 1249 longum
702 1206 771 1246 est,
803 1199 937 1247 epulas
966 1211 1120 1236 narrare
1149 1199 1322 1237 deorum.

256 1269 303 1304 In
332 1267 454 1304 multo
482 1278 562 1303 nox
591 1272 648 1303 est
677 1264 905 1314 pervigilata
932 1277 1051 1302 mero.

204 1331 260 1369 Hi
290 1339 435 1369 temere
465 1331 644 1368 errabant
673 1328 713 1366 in
743 1342 893 1378 opacae
921 1329 1086 1367 vallibus
1117 1330 1235 1368 Idae:

258 1398 350 1434 Pars
379 1394 480 1432 iacet
508 1402 547 1432 et
575 1392 684 1431 molli
712 1392 888 1442 gramine
917 1394 1093 1431 membra
1122 1394 1246 1431 levat:

207 1460 263 1498 Hi
292 1461 453 1499 ludunt:
482 1460 554 1498 hos
584 1472 744 1498 somnus
772 1459 917 1496 habet:
948 1471 1036 1507 pars
1064 1459 1247 1496 bracchia
1276 1459 1407 1506 nectit,

261 1526 311 1562 Et
340 1524 500 1562 viridem
530 1523 646 1562 celeri
674 1531 732 1561 ter
758 1524 862 1572 pede
890 1523 1018 1572 pulsat
1047 1523 1219 1561 humum.

206 1592 242 1626 V
247 1597 328 1627 esta
357 1589 467 1634 iacet,
499 1589 775 1638 placidamque
804 1587 909 1637 capit
938 1600 1072 1626 secura
1100 1588 1283 1637 quietem,

262 1655 367 1693 Sicut
398 1662 488 1700 erat,
519 1654 690 1703 positum
719 1653 865 1703 cespite
894 1654 990 1691 fulta
1018 1660 1145 1702 caput.

208 1721 262 1757 At
290 1720 403 1756 ruber
431 1719 632 1756 hortorum
661 1726 791 1758 custos
820 1719 1092 1768 nymphasque
1122 1719 1295 1768 deasque

266 1784 419 1832 Captat,
449 1790 488 1820 et
517 1791 686 1822 errantes
715 1784 865 1833 fertque
893 1783 1086 1831 refertque
1114 1783 1246 1832 pedes.

213 1846 363 1896 Aspicit
392 1854 429 1884 et
457 1848 630 1884 Vestam.
689 1847 865 1893 dubium,
895 1847 1161 1896 nymphamne
1191 1847 1345 1896 putarit,

267 1915 330 1950 An
360 1913 488 1951 scierit
515 1914 703 1950 Vestam:
734 1911 852 1950 scisse
882 1911 950 1949 sed
980 1911 1063 1960 ipse
1091 1919 1218 1961 negat.

217 1979 332 2015 Forte
361 1990 491 2024 senex,
522 1989 601 2026 quo
631 1983 764 2014 vectus
794 1982 885 2022 erat,
916 1974 1068 2013 Silenus
1097 1976 1258 2013 asellum

271 2041 455 2090 Liquerat
483 2042 534 2079 ad
562 2041 664 2090 ripas
693 2042 780 2079 lene
809 2042 985 2080 sonantis
1013 2054 1147 2091 aquae.

220 2106 452 2155 Aggreditur
479 2106 608 2144 divam
637 2106 743 2155 longi
772 2107 868 2144 deus
898 2106 1164 2156 Hellesponti,

274 2170 558 2219 Intempestivo
587 2183 674 2208 cum
704 2170 807 2208 rudit
836 2170 899 2208 ille
929 2183 1037 2208 sono.

1438 564 1511 603 315

1441 887 1518 922 320

1448 1209 1522 1247 323

1453 1537 1528 1573 330

1457 1861 1530 1898 335

1459 2054 1536 2090 340
