1465 2449
553 106 741 144 LIBER
783 106 849 144 Vl.

39 190 191 230 Territa
218 203 316 230 voce
343 190 449 241 gravi
479 189 601 240 surgit
630 191 716 229 dea.
775 191 959 230 convolat
987 191 1116 231 omnis

92 255 250 295 Turba:
279 268 348 305 per
376 255 533 292 infestas
561 253 694 303 effugit
723 253 787 292 ille
817 267 963 292 manus.

40 319 281 369 Lampsacos
309 320 386 358 hoc
414 319 560 357 animal
589 318 703 357 solita
731 327 789 357 est
817 327 988 357 mactare
1018 320 1182 370 Priapo:

93 386 199 434 Apta
227 384 326 422 asini
354 383 520 422 flammis
549 384 688 422 indicis
718 392 806 422 exta
835 386 983 423 damus.

41 448 171 497 Quem
201 457 254 494 tu,
285 448 387 495 diva,
417 460 568 486 memor
596 449 645 487 de
676 461 777 497 pane
807 449 1019 487 monilibus
1049 462 1187 489 ornas:

95 514 234 552 Cessat
262 525 373 563 opus,
403 526 551 552 vacuae
579 515 804 553 conticuere
833 515 971 553 molae.

441 666 552 710 Sloaey
575 667 620 711 cy*
636 666 810 712 luppiter
831 667 966 702 Pistor.

40 754 224 802 Nomine,
255 768 374 806 quam
404 756 541 805 pretio,
573 756 804 795 celebratior
832 770 921 795 arce
951 757 1155 805 Tonantis,

93 821 247 867 Dicam,
279 820 439 858 Pistoris
469 820 564 870 quid
594 821 686 859 velit
714 834 780 859 ara
809 820 923 860 Iovis.

40 884 182 923 Cincta
208 885 487 934 premebantur
516 885 688 923 trucibus
719 885 916 934 Capitolia
945 884 1091 924 Gallis:

92 949 255 987 Fecerat
283 948 438 987 obsidio
468 948 545 987 iarn
575 949 757 987 diuturna
783 950 937 988 samem.

40 1011 227 1062 Iuppiter,
257 1012 307 1050 ad
337 1012 478 1051 solium
507 1013 656 1063 superis
684 1014 813 1062 regale
840 1013 999 1061 vocatis,

94 1077 300 1127 ‘Incipel’
329 1077 382 1116 ait
414 1078 543 1116 Marti.
601 1078 777 1128 protinus
806 1079 870 1117 ille
898 1080 1038 1117 refert:

41 1141 219 1180 ‘Scilicet
247 1141 424 1192 ignotum
454 1150 524 1189 est,
553 1155 654 1192 quae
683 1143 732 1180 sit
761 1144 915 1181 fortuna
943 1155 1130 1190 meorum,

93 1209 169 1246 ‘Et
196 1207 310 1246 dolor
337 1206 401 1244 hic
429 1206 549 1244 animi
576 1219 675 1244 voce
703 1206 901 1256 querentis
931 1214 1028 1256 eget.

40 1272 101 1312 ‘Si
129 1280 273 1319 tamen,
304 1280 346 1310 ut
374 1272 536 1309 referam
565 1272 733 1310 breviter
760 1272 863 1309 mala
891 1270 1023 1309 iuncta
1050 1271 1202 1321 pudori,

93 1336 273 1388 ‘Exigis:
300 1337 449 1387 Alpino
479 1339 610 1375 Roma
638 1338 710 1375 sub
738 1337 852 1375 hoste
882 1335 992 1375 iacet.

40 1403 180 1441 ‘Haec
207 1409 278 1450 est,
307 1401 370 1440 cui
398 1402 522 1440 fuerat
551 1400 744 1451 promissa
771 1401 950 1451 potentia
977 1414 1116 1448 rerum,

94 1466 324 1517 ‘Iuppiter?
351 1466 456 1504 hanc
484 1465 595 1504 terris
623 1464 875 1514 impositurus
905 1468 1018 1504 eras?

41 1533 230 1581 ‘Iamque
260 1531 508 1570 suburbanos
538 1531 780 1579 Etruscaque
809 1529 990 1568 contudit
1017 1543 1133 1568 arma.

94 1598 213 1646 ‘Spes
243 1603 324 1634 erat
352 1594 392 1632 in
421 1607 544 1633 cursu.
604 1606 710 1632 nunc
738 1594 816 1632 lare
845 1595 958 1643 pulsa
987 1606 1058 1632 suo
1087 1603 1155 1633 est.

42 1659 246 1698 ‘Vidimus
274 1666 432 1697 ornatos
460 1667 592 1697 aerata
618 1671 688 1708 per
715 1658 812 1696 atria
839 1658 946 1708 picta

95 1725 239 1762 ‘Veste
269 1724 522 1773 triumphales
551 1723 783 1762 occubuisse
812 1736 936 1762 senes.

42 1789 246 1827 ‘Vidimus
276 1787 421 1827 Iliacae
450 1788 644 1826 transferri
673 1787 837 1838 pignora
865 1790 1010 1827 Vestae

94 1853 230 1893 ‘Sede
288 1854 433 1892 Putant
461 1852 614 1902 aliquos
642 1851 790 1890 scilicet
818 1864 902 1890 esse
932 1853 1046 1891 deos!

41 1921 117 1958 ‘At
145 1918 178 1958 si
206 1918 455 1968 respicerent,
486 1931 564 1967 qua
590 1930 660 1957 vos
689 1917 872 1956 habitatis
900 1916 940 1954 in
969 1929 1069 1962 arce,

96 1985 275 2033 ‘Totque
303 1983 445 2021 domos
474 1989 620 2020 vestras
649 1981 856 2020 obsidione
883 1980 1018 2031 premi,

43 2048 133 2087 ‘Nil
161 2049 248 2099 opis
277 2047 318 2086 in
346 2060 438 2085 cura
467 2046 610 2086 scirent
638 2059 841 2097 superesse
869 2047 1045 2093 deorum,

96 2115 170 2152 ‘Et
199 2115 292 2153 data
318 2112 486 2152 sollicita
513 2120 600 2150 tura
626 2111 750 2160 perire
779 2123 908 2149 manu.

43 2182 197 2228 ‘Atque
225 2179 376 2217 utinam
405 2191 562 2228 pugnae
589 2184 722 2228 pateat
749 2178 882 2215 locus!
912 2189 1020 2214 arma
1048 2183 1265 2226 capessant,

97 2243 183 2289 ‘Et,
215 2241 247 2281 si
275 2254 358 2280 non
385 2249 571 2292 poterunt
599 2253 842 2290 exsuperare,
872 2240 1027 2278 cadant.

1287 1467 1363 1515 360

1287 1803 1307 1838 Ο.)

1314 1790 1334 1826 ΦΧ

1341 1801 1360 1839 Ul

1287 2122 1364 2160 370
