1465 2449
612 67 800 108 LIBER
838 68 902 108 Vl.
979 89 1003 96 κ
1355 85 1399 120 23

78 153 245 194 Adiaoet
272 152 456 203 antiquus
484 150 674 191 Tiberino
702 152 812 191 lucus
843 150 1030 191 Helerni:
1335 169 1400 207 ¹05

134 218 343 258 Pontifices
370 218 462 256 illuc
489 229 596 255 nunc
624 229 783 266 quoque
813 228 922 254 sacra
949 218 1084 255 ferunt.

78 282 179 321 Inde
206 289 292 321 sata
319 288 378 320 est
406 280 796 331 nymphe—Cranen
825 279 957 319 dixere
985 280 1187 330 priores——

131 345 381 396 Nequiquam
410 345 543 384 multis
571 357 688 394 saepe
716 344 840 394 petita
867 345 1005 394 procis.

81 410 191 448 Rura
218 408 330 459 sequi
357 407 570 458 iaculisque
599 408 698 446 feras
727 408 871 458 agitare
900 409 1061 456 solebat,

131 474 394 524 Nodosasque
422 486 518 511 cava
546 473 707 511 tendere
735 474 836 512 valle
865 474 1007 524 plagas.
1330 489 1401 514 110

77 539 168 576 Non
197 537 335 577 habuit
362 538 608 587 pharetram:
639 537 791 576 Phoebi
819 545 951 577 tamen
979 551 1065 577 esse
1097 552 1269 578 sororem

131 601 364 641 Credebant.
423 614 498 640 nec
525 609 617 649 erat,
650 602 820 650 Phoebe,
852 603 1039 652 pudenda
1066 604 1145 642 tibi.

79 665 185 705 Huic
212 665 352 716 aliquis
380 665 566 705 iuvenum
595 665 755 705 dixisset
783 667 957 705 amantia
984 669 1112 715 verba,

130 730 340 769 Reddebat
370 731 466 769 tales
494 730 670 780 protinus
699 730 764 769 illa
792 743 935 770 sonos:

75 796 216 834 ‘Haec
242 796 332 834 loca
358 794 455 834 lucis
483 795 632 834 habent
660 795 787 842 nimis,
818 805 857 835 et
885 810 976 835 cum
1005 799 1091 837 luce
1120 798 1288 849 pudoris.
1328 812 1396 849 1¹5

130 861 191 901 ‘Si
220 868 370 901 secreta
396 861 518 912 magis
548 861 658 900 ducis
686 860 727 900 iu
755 869 876 909 antra,
907 868 1068 912 sequor.'

75 926 268 965 Credulus
294 933 387 964 ante
415 935 458 964 ut
487 925 540 972 iit,
571 924 728 964 frutices
756 925 854 964 haec
882 934 1000 964 nacta
1027 926 1180 973 resistit,

129 991 180 1028 Et
207 991 313 1037 latet,
343 998 382 1029 et
409 991 518 1029 nullo
547 997 606 1028 est
634 989 871 1028 invenienda
898 992 1029 1030 modo.

73 1054 234 1093 Viderat
260 1055 363 1093 hanc
391 1056 511 1093 Ianus
524 1069 535 1103 3
563 1054 748 1103 visaeque
777 1054 963 1104 cupidine
991 1063 1130 1106 captus

124 1118 190 1156 Ad
218 1117 356 1156 duram
384 1117 512 1156 verbis
541 1117 726 1156 mollibus
755 1131 848 1156 usus
877 1127 968 1158 erat.
1326 1134 1398 1158 120

72 1183 259 1234 Nympha
285 1183 398 1223 iubet
425 1183 558 1233 quaeri
586 1183 636 1221 de
665 1195 773 1221 more
803 1185 988 1223 remotius
1017 1192 1183 1232 antrum,

125 1249 262 1298 thue
289 1261 423 1287 comes
451 1247 636 1298 sequitur,
666 1247 921 1298 destituitque
950 1250 1105 1288 ducem.

70 1314 218 1353 Stulta!
246 1313 354 1353 videt
382 1315 514 1360 Ianus,
544 1326 645 1364 quae
673 1321 763 1363 post
791 1326 862 1352 sua
888 1321 995 1364 terga
1023 1322 1225 1364 gerantur:

124 1378 193 1416 Nil
220 1377 312 1429 agis,
343 1386 382 1417 et
410 1379 578 1418 latebras
605 1380 763 1431 respicit
791 1380 855 1419 ille
884 1387 981 1418 tuas.

72 1443 336 1493 Occupat,'et
363 1444 551 1482 tandem:
579 1447 748 1483 ‘munus
776 1444 848 1483 tibi
875 1443 1045 1482 cardinis
1075 1451 1181 1482 esto:
1324 1456 1393 1493 125

125 1506 244 1543 ‘Hoc
271 1505 440 1555 pretium
467 1506 590 1545 nostri
618 1507 733 1546 detur
760 1507 927 1554 amoris,’
956 1506 1019 1545 ait.

52 1655 53 1659 ,
118 1618 223 1654 With
239 1618 299 1653 tlte
315 1617 426 1652 thorn
443 1618 527 1653 tlzat
541 1619 587 1654 lte
595 1620 708 1665 gives
723 1620 793 1654 lter
805 1620 868 1655 she
884 1620 1012 1654 drives
1029 1619 1088 1653 tlte
1103 1618 1354 1654 scrceclc—owls

468 1676 579 1721 from
597 1676 655 1710 tlte
670 1676 783 1711 lcouse
798 1677 844 1722 of
851 1677 983 1711 Proca.

69 1767 132 1806 Sic
160 1767 261 1805 fatus
290 1765 455 1816 spinam,
486 1778 566 1815 qua
593 1766 721 1805 tristes
749 1768 895 1817 pellere
924 1774 1058 1817 posset

120 1833 158 1869 A
183 1831 331 1870 foribus
358 1833 634 1871 noxas—haec
662 1839 744 1871 erat
771 1831 1036 1871 alba—dedit.
1323 1844 1394 1880 130

67 1897 166 1936 Sunt
191 1897 330 1936 avidae
357 1897 546 1944 volucres,
576 1909 658 1935 non
687 1909 789 1946 quae
819 1896 983 1935 Phineia
1011 1896 1156 1934 mensis

120 1962 288 2000 Guttura
313 1961 555 2008 fraudabant,
585 1960 655 1999 sed
682 1973 806 2010 genus
834 1960 927 1999 inde
955 1961 1138 1999 trahunt:

67 2025 227 2064 Grande
254 2032 382 2075 caput,
413 2032 559 2063 stantes
588 2024 704 2072 oculi,
733 2033 858 2063 rostra
885 2031 978 2074 apta
1005 2023 1167 2073 rapinis:

119 2088 293 2128 Canities
320 2088 461 2138 pinnis,
491 2088 688 2138 unguibus
716 2089 857 2127 hamus
886 2088 999 2126 inest.

66 2153 196 2191 Nocte
221 2153 367 2200 volant,
396 2166 616 2203 puerosque
645 2161 785 2204 petunt
813 2153 974 2192 nutricis
1003 2160 1172 2203 egentes,
1319 2163 1388 2201 135

121 2217 172 2255 Et
198 2215 337 2255 vitiant
365 2217 476 2255 cunis
504 2230 670 2268 corpora
696 2226 807 2269 rapta
835 2217 924 2256 suis.
