1642 2490
186 106 233 152 36
567 101 772 140 OVIDII
802 98 1133 137 FASTORUM

188 191 340 227 Maesta
370 188 586 226 Learcheas
615 193 738 223 mater
767 185 1020 223 tumulaverat
1050 183 1216 227 umbras,

240 255 290 291 Et
319 253 479 291 dederat
507 251 653 289 miseris
683 250 814 288 omnia
842 249 942 286 iusta
967 247 1078 297 rogis.

189 318 302 354 Haec
330 328 498 365 quoque,
528 316 703 352 funestos
732 321 774 350 ut
804 319 883 350 erat
911 312 1055 349 laniata
1083 310 1257 360 capiHOS,

242 380 405 425 Prosilit,
436 387 474 417 et
502 379 612 416 cunis
641 385 690 424 te,
724 377 938 422 Melicerta,
967 376 1075 426 rapit.

190 447 258 482 Est
287 444 413 493 spatio
442 450 641 481 contracta
669 441 787 488 brevi,
818 442 914 479 freta
942 441 1034 479 bina
1061 439 1223 490 repellit,

243 509 412 556 Unaque
441 508 616 556 pulsatur
645 513 742 543 terra
771 506 923 543 duabus
951 504 1071 554 aquis.

191 574 283 609 Huc
310 571 415 609 venit
443 570 589 608 insanis
616 577 752 607 natum
782 570 987 618 complexa
1014 569 1179 617 lacertis,

243 637 293 673 Et
322 648 454 673 secum
484 647 504 672 e
534 634 639 671 celso
667 633 785 671 mittit
813 633 853 670 in
882 634 960 671 alta
987 632 1088 683 iugo.

192 699 344 748 Excipit
373 699 525 737 illaesos
556 700 716 747 Panope
745 705 982 747 centumque
1012 710 1172 744 sorores,

244 766 294 802 Et
322 764 478 814 placido
508 765 618 813 lapsu
647 776 716 812 per
744 775 813 800 sua
841 775 958 812 regna
986 763 1122 800 ferunt.

192 829 380 866 Nondum
411 829 648 875 Leucothea,
679 828 857 865 nondum
886 839 982 876 puer
1009 826 1072 864 ille
1102 826 1325 873 Palaemon,

243 892 463 931 Verticibus
493 891 604 929 densi
633 890 842 940 Thybridis
872 903 939 928 ora
967 897 1110 928 tenent.

192 959 322 994 Lucus
350 964 439 994 erat.
498 956 664 994 dubium
694 957 886 1003 Semelae,
917 955 1156 994 Stimulaene
1186 963 1370 995 vocetur:

245 1022 460 1058 Maenadas
489 1020 684 1058 Ausonias
713 1020 920 1058 incoluisse
950 1021 1087 1059 ferunt.

193 1085 354 1133 Quaerit
381 1086 430 1124 ab
459 1085 518 1123 his
549 1087 634 1132 Ino,
666 1099 765 1135 quae
794 1099 890 1135 gens
917 1086 1026 1124 foret.
1083 1087 1257 1125 Arcadas
1285 1099 1369 1125 esse

244 1149 378 1197 Audit,
409 1157 446 1188 et
477 1151 705 1188 Euandrum
735 1157 886 1199 sceptra
914 1156 1046 1188 tenere
1074 1150 1161 1187 loci.

195 1213 450 1265 Dissimulata
475 1215 589 1252 deam
620 1214 750 1252 Latias
779 1215 956 1253 Saturnia
984 1215 1151 1253 bacchas

247 1278 468 1317 Instimulat
496 1279 594 1317 fictis
623 1279 809 1318 insidiosa
838 1279 966 1318 sonis:

195 1344 254 1381 ‘O
283 1343 447 1381 nimium
477 1345 619 1392 faciles,
651 1358 674 1383 o
704 1352 788 1383 toto
816 1352 974 1394 pectore
1004 1349 1164 1395 captae!

250 1409 366 1446 ‘Non
395 1408 500 1446 venit
529 1410 626 1447 haec
653 1409 794 1447 nostris
823 1410 966 1459 hospes
995 1409 1120 1448 amica
1149 1409 1286 1449 choris.

197 1473 370 1510 ‘Fraude
399 1472 506 1521 petit,
538 1473 712 1522 sacrique
741 1480 848 1523 parat
878 1486 1114 1523 cognoscere
1142 1474 1268 1512 ritum.

250 1537 364 1584 ‘Quo
394 1537 516 1587 possit
544 1551 692 1587 poenas
720 1539 906 1588 pendere,
935 1538 1076 1587 pignus
1103 1539 1244 1577 habet.'

195 1601 272 1639 Vix
300 1602 399 1640 bene
429 1604 604 1650 desierat,
636 1605 836 1653 complent
864 1603 1074 1642 ululatibus
1102 1616 1213 1642 auras

249 1666 458 1715 Thyiades,
491 1667 622 1706 effusis
650 1681 718 1718 per
746 1682 816 1706 sua
844 1669 944 1706 colla
973 1667 1107 1714 cornis,

199 1729 448 1780 Iniciuntque
477 1745 628 1779 manus,
659 1746 903 1782 puerumque
932 1734 1114 1771 revellere
1142 1739 1329 1783 pugnant.

251 1794 361 1841 Quos
391 1794 540 1844 ignorat
569 1797 709 1842 adhuc,
741 1796 898 1835 invocat
926 1796 991 1835 illa
1019 1797 1140 1835 deos:

200 1857 353 1907 ‘Dique
381 1859 530 1909 virique
559 1861 646 1908 loci,
676 1861 839 1900 miserae
869 1862 1077 1900 succurrite
1106 1861 1263 1900 matril'

253 1925 411 1962 Clamor
438 1925 624 1963 Aventini
653 1939 744 1964 saxa
772 1926 992 1975 propinqua
1019 1926 1114 1964 ferit.

199 1988 413 2036 Appulerat
441 1988 545 2038 ripae
574 2003 712 2028 vaccas
742 1991 913 2028 Oetaeus
944 1990 1139 2029 Hiberas:

249 2053 381 2099 Audit,
413 2062 451 2092 et
483 2055 533 2093 ad
564 2067 701 2092 vocem
731 2055 909 2093 concitus
937 2062 1047 2106 urget
1076 2055 1156 2093 iter.

204 2116 384 2154 Herculis
414 2118 596 2165 adventu,
627 2132 726 2168 quae
754 2128 833 2157 vlm
862 2121 983 2159 modo
1012 2121 1108 2159 ferre
1137 2121 1336 2170 parabant,

255 2181 402 2230 Turpia
432 2182 623 2221 femineae
653 2192 758 2234 terga
787 2185 931 2224 dedere
959 2186 1082 2236 fugae.

1432 451 1506 489 495

1436 773 1511 812 500

1437 1097 1510 1135 505

1440 1422 1515 1459 510

1443 1742 1515 1781 515

1446 2065 1522 2104 520
