<?xml version="1.0" encoding="UTF-8"?>
<!DOCTYPE html PUBLIC "-//W3C//DTD XHTML 1.0 Transitional//EN"
    "http://www.w3.org/TR/xhtml1/DTD/xhtml1-transitional.dtd">
<html xmlns="http://www.w3.org/1999/xhtml" xml:lang="en" lang="en">
 <head>
  <title>
</title>
<meta http-equiv="Content-Type" content="text/html;charset=utf-8" />
  <meta name='ocr-system' content='tesseract 3.04.00' />
  <meta name='ocr-capabilities' content='ocr_page ocr_carea ocr_par ocr_line ocrx_word'/>
</head>
<body>
  <div class='ocr_page' id='page_1' title='image "./fastorumlibervi00oviduoft_0042.png"; bbox 0 0 1642 2490; ppageno 0'>
   <div class='ocr_carea' id='block_1_1' title="bbox 178 97 1126 150">
    <p class='ocr_par' dir='ltr' id='par_1_1' title="bbox 178 97 1126 150">
     <span class='ocr_line' id='line_1_1' title="bbox 178 97 1126 150; baseline -0.005 -11"><span class='ocrx_word' id='word_1_1' title='bbox 178 104 228 150; x_wconf 83' lang='lat'>38</span> <span class='ocrx_word' id='word_1_2' title='bbox 563 100 766 138; x_wconf 73' lang='lat' dir='ltr'><em>OJ&#39;JDJJ</em></span> <span class='ocrx_word' id='word_1_3' title='bbox 796 97 1126 136; x_wconf 72' lang='lat' dir='ltr'><em>FASTORUM</em></span> 
     </span>
    </p>
   </div>
   <div class='ocr_carea' id='block_1_2' title="bbox 179 185 1498 815">
    <p class='ocr_par' dir='ltr' id='par_1_2' title="bbox 179 185 1498 815">
     <span class='ocr_line' id='line_1_2' title="bbox 179 185 1187 232; baseline -0.005 -7"><span class='ocrx_word' id='word_1_4' title='bbox 179 189 271 225; x_wconf 82' lang='lat' dir='ltr'>Una</span> <span class='ocrx_word' id='word_1_5' title='bbox 299 187 557 225; x_wconf 82' lang='lat' dir='ltr'>ministrarum</span> <span class='ocrx_word' id='word_1_6' title='bbox 587 186 699 224; x_wconf 87' lang='lat' dir='ltr'>solita</span> <span class='ocrx_word' id='word_1_7' title='bbox 727 192 795 232; x_wconf 88' lang='lat' dir='ltr'>est,</span> <span class='ocrx_word' id='word_1_8' title='bbox 828 185 1003 231; x_wconf 73' lang='lat' dir='ltr'>Cadmei,</span> <span class='ocrx_word' id='word_1_9' title='bbox 1033 190 1187 221; x_wconf 85' lang='lat' dir='ltr'>tuarum</span> 
     </span>
     <span class='ocr_line' id='line_1_3' title="bbox 231 248 1064 302; baseline -0.007 -11"><span class='ocrx_word' id='word_1_10' title='bbox 231 255 353 302; x_wconf 78' lang='lat' dir='ltr'>Saepe</span> <span class='ocrx_word' id='word_1_11' title='bbox 382 253 453 290; x_wconf 87' lang='lat' dir='ltr'>sub</span> <span class='ocrx_word' id='word_1_12' title='bbox 482 253 682 301; x_wconf 81' lang='lat' dir='ltr'>amplexus</span> <span class='ocrx_word' id='word_1_13' title='bbox 711 249 887 298; x_wconf 81' lang='lat' dir='ltr'>coniugis</span> <span class='ocrx_word' id='word_1_14' title='bbox 915 249 970 287; x_wconf 88' lang='lat' dir='ltr'>ire</span> <span class='ocrx_word' id='word_1_15' title='bbox 999 248 1064 286; x_wconf 87' lang='lat' dir='ltr'>tui.</span> 
     </span>
     <span class='ocr_line' id='line_1_4' title="bbox 182 310 1494 367; baseline -0.007 -11"><span class='ocrx_word' id='word_1_16' title='bbox 182 320 387 367; x_wconf 80' lang='lat' dir='ltr'>Improbus</span> <span class='ocrx_word' id='word_1_17' title='bbox 416 319 515 355; x_wconf 78' lang='lat' dir='ltr'>hanc</span> <span class='ocrx_word' id='word_1_18' title='bbox 544 317 731 354; x_wconf 80' lang='lat' dir='ltr'>Athamas</span> <span class='ocrx_word' id='word_1_19' title='bbox 760 313 889 351; x_wconf 86' lang='lat' dir='ltr'>furtim</span> <span class='ocrx_word' id='word_1_20' title='bbox 919 312 1065 351; x_wconf 82' lang='lat' dir='ltr'>dilexit.</span> <span class='ocrx_word' id='word_1_21' title='bbox 1123 313 1172 350; x_wconf 90' lang='lat' dir='ltr'>ab</span> <span class='ocrx_word' id='word_1_22' title='bbox 1201 310 1266 349; x_wconf 88' lang='lat' dir='ltr'>illa</span> <span class='ocrx_word' id='word_1_23' title='bbox 1420 321 1494 360; x_wconf 86' lang='lat'>555</span> 
     </span>
     <span class='ocr_line' id='line_1_5' title="bbox 232 377 1064 432; baseline -0.007 -11"><span class='ocrx_word' id='word_1_24' title='bbox 232 382 431 432; x_wconf 77' lang='lat' dir='ltr'>Comperit</span> <span class='ocrx_word' id='word_1_25' title='bbox 460 380 636 429; x_wconf 71' lang='lat' dir='ltr'>agricolis</span> <span class='ocrx_word' id='word_1_26' title='bbox 665 379 813 417; x_wconf 83' lang='lat' dir='ltr'>semina</span> <span class='ocrx_word' id='word_1_27' title='bbox 841 385 943 416; x_wconf 81' lang='lat' dir='ltr'>tosta</span> <span class='ocrx_word' id='word_1_28' title='bbox 971 377 1064 416; x_wconf 84' lang='lat' dir='ltr'>dari.</span> 
     </span>
     <span class='ocr_line' id='line_1_6' title="bbox 181 440 1192 497; baseline -0.006 -12"><span class='ocrx_word' id='word_1_29' title='bbox 181 450 270 497; x_wconf 78' lang='lat' dir='ltr'>Ipsa</span> <span class='ocrx_word' id='word_1_30' title='bbox 298 447 456 496; x_wconf 86' lang='lat' dir='ltr'>quidem</span> <span class='ocrx_word' id='word_1_31' title='bbox 485 445 620 483; x_wconf 83' lang='lat' dir='ltr'>fecisse</span> <span class='ocrx_word' id='word_1_32' title='bbox 649 456 777 493; x_wconf 80' lang='lat' dir='ltr'>negas,</span> <span class='ocrx_word' id='word_1_33' title='bbox 809 443 878 480; x_wconf 88' lang='lat' dir='ltr'>sed</span> <span class='ocrx_word' id='word_1_34' title='bbox 906 443 1010 480; x_wconf 83' lang='lat' dir='ltr'>fama</span> <span class='ocrx_word' id='word_1_35' title='bbox 1038 440 1192 491; x_wconf 87' lang='lat' dir='ltr'>recepit.</span> 
     </span>
     <span class='ocr_line' id='line_1_7' title="bbox 235 506 1129 557; baseline -0.006 -8"><span class='ocrx_word' id='word_1_36' title='bbox 235 513 325 549; x_wconf 88' lang='lat' dir='ltr'>Hoc</span> <span class='ocrx_word' id='word_1_37' title='bbox 353 519 420 557; x_wconf 88' lang='lat' dir='ltr'>est,</span> <span class='ocrx_word' id='word_1_38' title='bbox 452 523 519 547; x_wconf 91' lang='lat' dir='ltr'>cur</span> <span class='ocrx_word' id='word_1_39' title='bbox 546 509 640 547; x_wconf 90' lang='lat' dir='ltr'>odio</span> <span class='ocrx_word' id='word_1_40' title='bbox 669 507 716 545; x_wconf 91' lang='lat' dir='ltr'>sit</span> <span class='ocrx_word' id='word_1_41' title='bbox 745 506 814 545; x_wconf 85' lang='lat' dir='ltr'>tibi</span> <span class='ocrx_word' id='word_1_42' title='bbox 844 519 952 545; x_wconf 86' lang='lat' dir='ltr'>serva</span> <span class='ocrx_word' id='word_1_43' title='bbox 979 519 1129 545; x_wconf 83' lang='lat' dir='ltr'>manus.</span> 
     </span>
     <span class='ocr_line' id='line_1_8' title="bbox 180 571 1317 622; baseline -0.004 -8"><span class='ocrx_word' id='word_1_44' title='bbox 180 579 268 614; x_wconf 82' lang='lat' dir='ltr'>Non</span> <span class='ocrx_word' id='word_1_45' title='bbox 300 584 430 613; x_wconf 79' lang='lat' dir='ltr'>tamen</span> <span class='ocrx_word' id='word_1_46' title='bbox 459 575 559 612; x_wconf 85' lang='lat' dir='ltr'>hanc</span> <span class='ocrx_word' id='word_1_47' title='bbox 587 585 657 622; x_wconf 90' lang='lat' dir='ltr'>pro</span> <span class='ocrx_word' id='word_1_48' title='bbox 687 572 803 621; x_wconf 82' lang='lat' dir='ltr'>stirpe</span> <span class='ocrx_word' id='word_1_49' title='bbox 832 585 901 610; x_wconf 84' lang='lat' dir='ltr'>sua</span> <span class='ocrx_word' id='word_1_50' title='bbox 928 571 994 621; x_wconf 81' lang='lat' dir='ltr'>pia</span> <span class='ocrx_word' id='word_1_51' title='bbox 1020 579 1145 610; x_wconf 83' lang='lat' dir='ltr'>mater</span> <span class='ocrx_word' id='word_1_52' title='bbox 1172 571 1317 610; x_wconf 84' lang='lat' dir='ltr'>adoret.</span> 
     </span>
     <span class='ocr_line' id='line_1_9' title="bbox 234 637 1498 690; baseline -0.005 -12"><span class='ocrx_word' id='word_1_53' title='bbox 234 643 323 690; x_wconf 85' lang='lat' dir='ltr'>Ipsa</span> <span class='ocrx_word' id='word_1_54' title='bbox 351 652 486 689; x_wconf 79' lang='lat' dir='ltr'>parum</span> <span class='ocrx_word' id='word_1_55' title='bbox 515 638 605 676; x_wconf 80' lang='lat' dir='ltr'><strong>felix</strong></span> <span class='ocrx_word' id='word_1_56' title='bbox 633 637 714 675; x_wconf 83' lang='lat' dir='ltr'>visa</span> <span class='ocrx_word' id='word_1_57' title='bbox 741 637 858 675; x_wconf 83' lang='lat' dir='ltr'>fuisse</span> <span class='ocrx_word' id='word_1_58' title='bbox 886 650 1035 687; x_wconf 83' lang='lat' dir='ltr'>parens.</span> <span class='ocrx_word' id='word_1_59' title='bbox 1422 637 1498 684; x_wconf 87' lang='lat'>560</span> 
     </span>
     <span class='ocr_line' id='line_1_10' title="bbox 179 700 1048 753; baseline -0.005 -11"><span class='ocrx_word' id='word_1_60' title='bbox 179 705 346 742; x_wconf 79' lang='lat' dir='ltr'>Alterius</span> <span class='ocrx_word' id='word_1_61' title='bbox 374 704 523 753; x_wconf 85' lang='lat' dir='ltr'>prolem</span> <span class='ocrx_word' id='word_1_62' title='bbox 551 701 690 740; x_wconf 88' lang='lat' dir='ltr'>melius</span> <span class='ocrx_word' id='word_1_63' title='bbox 718 701 956 739; x_wconf 87' lang='lat' dir='ltr'>mandabitis</span> <span class='ocrx_word' id='word_1_64' title='bbox 984 700 1048 739; x_wconf 83' lang='lat' dir='ltr'>illi.</span> 
     </span>
     <span class='ocr_line' id='line_1_11' title="bbox 233 764 1052 815; baseline -0.002 -9"><span class='ocrx_word' id='word_1_65' title='bbox 233 768 377 807; x_wconf 68' lang='lat' dir='ltr'>Utilior</span> <span class='ocrx_word' id='word_1_66' title='bbox 405 767 572 814; x_wconf 83' lang='lat' dir='ltr'>Baccho,</span> <span class='ocrx_word' id='word_1_67' title='bbox 603 778 722 815; x_wconf 88' lang='lat' dir='ltr'>quarn</span> <span class='ocrx_word' id='word_1_68' title='bbox 750 764 821 803; x_wconf 86' lang='lat' dir='ltr'>suit</span> <span class='ocrx_word' id='word_1_69' title='bbox 851 764 936 814; x_wconf 84' lang='lat' dir='ltr'>ipsa</span> <span class='ocrx_word' id='word_1_70' title='bbox 963 764 1052 804; x_wconf 83' lang='lat' dir='ltr'>suis.</span> 
     </span>
    </p>
   </div>
   <div class='ocr_carea' id='block_1_3' title="bbox 248 877 1428 924">
    <p class='ocr_par' dir='ltr' id='par_1_3' title="bbox 248 877 1428 924">
     <span class='ocr_line' id='line_1_12' title="bbox 248 877 1428 924; baseline 0.001 -12"><span class='ocrx_word' id='word_1_71' title='bbox 248 881 513 924; x_wconf 58' lang='lat' dir='ltr'>Anm‘versmy</span> <span class='ocrx_word' id='word_1_72' title='bbox 530 879 575 924; x_wconf 58' lang='lat' dir='ltr'>cy*</span> <span class='ocrx_word' id='word_1_73' title='bbox 584 878 641 912; x_wconf 70' lang='lat' dir='ltr'>llce</span> <span class='ocrx_word' id='word_1_74' title='bbox 658 877 766 913; x_wconf 74' lang='lat' dir='ltr'>deallz</span> <span class='ocrx_word' id='word_1_75' title='bbox 783 878 829 923; x_wconf 80' lang='lat' dir='ltr'>os</span> <span class='ocrx_word' id='word_1_76' title='bbox 837 878 1018 922; x_wconf 78' lang='lat' dir='ltr'>Rutilius,</span> <span class='ocrx_word' id='word_1_77' title='bbox 1036 886 1092 922; x_wconf 86' lang='lat'>90,</span> <span class='ocrx_word' id='word_1_78' title='bbox 1110 878 1191 912; x_wconf 81' lang='lat' dir='ltr'>and</span> <span class='ocrx_word' id='word_1_79' title='bbox 1203 878 1354 922; x_wconf 78' lang='lat' dir='ltr'>Didius,</span> <span class='ocrx_word' id='word_1_80' title='bbox 1374 879 1428 923; x_wconf 83' lang='lat'>89.</span> 
     </span>
    </p>
   </div>
   <div class='ocr_carea' id='block_1_4' title="bbox 181 956 1498 1331">
    <p class='ocr_par' dir='ltr' id='par_1_4' title="bbox 182 956 1393 1061">
     <span class='ocr_line' id='line_1_13' title="bbox 182 956 1393 1006; baseline 0.001 -12"><span class='ocrx_word' id='word_1_81' title='bbox 182 959 297 995; x_wconf 74' lang='lat' dir='ltr'>Hanc</span> <span class='ocrx_word' id='word_1_82' title='bbox 326 957 406 1003; x_wconf 83' lang='lat' dir='ltr'>tibi,</span> <span class='ocrx_word' id='word_1_83' title='bbox 439 958 553 1005; x_wconf 84' lang='lat' dir='ltr'>‘Quo</span> <span class='ocrx_word' id='word_1_84' title='bbox 580 956 807 1006; x_wconf 54' lang='lat' dir='ltr'>properas?</span> <span class='ocrx_word' id='word_1_85' title='bbox 837 963 1055 994; x_wconf 82' lang='lat' dir='ltr'>memorant</span> <span class='ocrx_word' id='word_1_86' title='bbox 1084 956 1238 1005; x_wconf 84' lang='lat' dir='ltr'>dixisse,</span> <span class='ocrx_word' id='word_1_87' title='bbox 1269 957 1393 996; x_wconf 87' lang='lat' dir='ltr'>Rutili</span> 
     </span>
     <span class='ocr_line' id='line_1_14' title="bbox 234 1022 1198 1061; baseline 0.001 -2"><span class='ocrx_word' id='word_1_88' title='bbox 234 1024 363 1060; x_wconf 84' lang='lat' dir='ltr'>‘Luce</span> <span class='ocrx_word' id='word_1_89' title='bbox 393 1035 480 1060; x_wconf 82' lang='lat' dir='ltr'>mea</span> <span class='ocrx_word' id='word_1_90' title='bbox 509 1023 643 1060; x_wconf 89' lang='lat' dir='ltr'>Marso</span> <span class='ocrx_word' id='word_1_91' title='bbox 672 1022 810 1060; x_wconf 91' lang='lat' dir='ltr'>consul</span> <span class='ocrx_word' id='word_1_92' title='bbox 839 1022 888 1060; x_wconf 87' lang='lat' dir='ltr'>ab</span> <span class='ocrx_word' id='word_1_93' title='bbox 917 1022 1029 1060; x_wconf 88' lang='lat' dir='ltr'>hoste</span> <span class='ocrx_word' id='word_1_94' title='bbox 1058 1022 1198 1061; x_wconf 66' lang='lat' dir='ltr'>cades!</span> 
     </span>
    </p>

    <p class='ocr_par' dir='ltr' id='par_1_5' title="bbox 182 1085 1498 1200">
     <span class='ocr_line' id='line_1_15' title="bbox 182 1085 1498 1138; baseline 0.002 -15"><span class='ocrx_word' id='word_1_95' title='bbox 182 1086 315 1124; x_wconf 78' lang='lat' dir='ltr'>Exitus</span> <span class='ocrx_word' id='word_1_96' title='bbox 343 1086 505 1124; x_wconf 86' lang='lat' dir='ltr'>accessit</span> <span class='ocrx_word' id='word_1_97' title='bbox 533 1085 669 1133; x_wconf 89' lang='lat' dir='ltr'>verbis,</span> <span class='ocrx_word' id='word_1_98' title='bbox 700 1086 926 1134; x_wconf 89' lang='lat' dir='ltr'>flumenque</span> <span class='ocrx_word' id='word_1_99' title='bbox 954 1085 1096 1124; x_wconf 89' lang='lat' dir='ltr'>Toleni</span> <span class='ocrx_word' id='word_1_100' title='bbox 1426 1089 1498 1138; x_wconf 88' lang='lat'>565</span> 
     </span>
     <span class='ocr_line' id='line_1_16' title="bbox 233 1149 1135 1200; baseline 0.002 -13"><span class='ocrx_word' id='word_1_101' title='bbox 233 1151 473 1199; x_wconf 83' lang='lat' dir='ltr'>Purpureum</span> <span class='ocrx_word' id='word_1_102' title='bbox 502 1149 631 1189; x_wconf 83' lang='lat' dir='ltr'>mixtis</span> <span class='ocrx_word' id='word_1_103' title='bbox 660 1151 848 1200; x_wconf 82' lang='lat' dir='ltr'>sanguine</span> <span class='ocrx_word' id='word_1_104' title='bbox 876 1150 985 1189; x_wconf 82' lang='lat' dir='ltr'>fiuxit</span> <span class='ocrx_word' id='word_1_105' title='bbox 1013 1151 1135 1200; x_wconf 85' lang='lat' dir='ltr'>aquis.</span> 
     </span>
    </p>

    <p class='ocr_par' dir='ltr' id='par_1_6' title="bbox 181 1215 1252 1331">
     <span class='ocr_line' id='line_1_17' title="bbox 181 1215 1252 1255; baseline 0.003 -4"><span class='ocrx_word' id='word_1_106' title='bbox 181 1215 382 1253; x_wconf 80' lang='lat' dir='ltr'>Proximus</span> <span class='ocrx_word' id='word_1_107' title='bbox 410 1229 536 1254; x_wconf 82' lang='lat' dir='ltr'>annus</span> <span class='ocrx_word' id='word_1_108' title='bbox 565 1223 668 1255; x_wconf 85' lang='lat' dir='ltr'>erat:</span> <span class='ocrx_word' id='word_1_109' title='bbox 699 1215 918 1254; x_wconf 84' lang='lat' dir='ltr'>Pallantide</span> <span class='ocrx_word' id='word_1_110' title='bbox 947 1229 1084 1254; x_wconf 87' lang='lat' dir='ltr'>caesus</span> <span class='ocrx_word' id='word_1_111' title='bbox 1113 1215 1252 1255; x_wconf 83' lang='lat' dir='ltr'>eadem</span> 
     </span>
     <span class='ocr_line' id='line_1_18' title="bbox 234 1269 973 1331; baseline 0.003 -15"><span class='ocrx_word' id='word_1_112' title='bbox 234 1279 373 1318; x_wconf 86' lang='lat' dir='ltr'>Didius</span> <span class='ocrx_word' id='word_1_113' title='bbox 401 1269 560 1319; x_wconf 82' lang='lat' dir='ltr'>hostiles</span> <span class='ocrx_word' id='word_1_114' title='bbox 588 1280 839 1331; x_wconf 80' lang='lat' dir='ltr'>ingeminavit</span> <span class='ocrx_word' id='word_1_115' title='bbox 868 1293 973 1331; x_wconf 90' lang='lat' dir='ltr'>opes.</span> 
     </span>
    </p>
   </div>
   <div class='ocr_carea' id='block_1_5' title="bbox 180 1390 1502 1495">
    <p class='ocr_par' dir='ltr' id='par_1_7' title="bbox 180 1390 1502 1495">
     <span class='ocr_line' id='line_1_19' title="bbox 180 1390 1502 1437; baseline 0.005 -16"><span class='ocrx_word' id='word_1_116' title='bbox 180 1390 352 1423; x_wconf 47' lang='lat' dir='ltr'>Ful-siva!</span> <span class='ocrx_word' id='word_1_117' title='bbox 370 1392 416 1436; x_wconf 82' lang='lat' dir='ltr'>of</span> <span class='ocrx_word' id='word_1_118' title='bbox 434 1393 468 1426; x_wconf 82' lang='lat' dir='ltr'><em>T</em></span> <span class='ocrx_word' id='word_1_119' title='bbox 465 1393 580 1437; x_wconf 57' lang='lat' dir='ltr'>&amp;mpla</span> <span class='ocrx_word' id='word_1_120' title='bbox 602 1394 648 1436; x_wconf 74' lang='lat' dir='ltr'>(ff</span> <span class='ocrx_word' id='word_1_121' title='bbox 664 1393 839 1426; x_wconf 81' lang='lat' dir='ltr'>Forlune.</span> <span class='ocrx_word' id='word_1_122' title='bbox 899 1390 994 1435; x_wconf 75' lang='lat' dir='ltr'>Why</span> <span class='ocrx_word' id='word_1_123' title='bbox 1011 1391 1069 1425; x_wconf 72' lang='lat' dir='ltr'>tlte</span> <span class='ocrx_word' id='word_1_124' title='bbox 1094 1391 1214 1436; x_wconf 77' lang='lat' dir='ltr'>image</span> <span class='ocrx_word' id='word_1_125' title='bbox 1234 1392 1279 1435; x_wconf 84' lang='lat' dir='ltr'>of</span> <span class='ocrx_word' id='word_1_126' title='bbox 1292 1391 1452 1426; x_wconf 77' lang='lat' dir='ltr'>Servius</span> <span class='ocrx_word' id='word_1_127' title='bbox 1468 1394 1502 1427; x_wconf 84' lang='lat' dir='ltr'>is</span> 
     </span>
     <span class='ocr_line' id='line_1_20' title="bbox 593 1449 1089 1495; baseline 0 -12"><span class='ocrx_word' id='word_1_128' title='bbox 593 1449 678 1494; x_wconf 71' lang='lat' dir='ltr'>kept</span> <span class='ocrx_word' id='word_1_129' title='bbox 692 1449 827 1483; x_wconf 73' lang='lat' dir='ltr'>lzz&#39;ddcn</span> <span class='ocrx_word' id='word_1_130' title='bbox 846 1450 938 1484; x_wconf 65' lang='lat' dir='ltr'>wille</span> <span class='ocrx_word' id='word_1_131' title='bbox 955 1461 979 1483; x_wconf 83' lang='lat' dir='ltr'>a</span> <span class='ocrx_word' id='word_1_132' title='bbox 996 1453 1089 1495; x_wconf 75' lang='lat' dir='ltr'>toga.</span> 
     </span>
    </p>
   </div>
   <div class='ocr_carea' id='block_1_6' title="bbox 180 1530 1501 2288">
    <p class='ocr_par' dir='ltr' id='par_1_8' title="bbox 180 1530 1501 2288">
     <span class='ocr_line' id='line_1_21' title="bbox 181 1530 1336 1581; baseline 0.003 -14"><span class='ocrx_word' id='word_1_133' title='bbox 181 1531 265 1567; x_wconf 79' lang='lat' dir='ltr'>Lux</span> <span class='ocrx_word' id='word_1_134' title='bbox 294 1530 442 1576; x_wconf 81' lang='lat' dir='ltr'>eadem,</span> <span class='ocrx_word' id='word_1_135' title='bbox 474 1532 657 1578; x_wconf 84' lang='lat' dir='ltr'>Fortuna,</span> <span class='ocrx_word' id='word_1_136' title='bbox 687 1538 754 1569; x_wconf 86' lang='lat' dir='ltr'>tua</span> <span class='ocrx_word' id='word_1_137' title='bbox 782 1538 852 1577; x_wconf 88' lang='lat' dir='ltr'>est,</span> <span class='ocrx_word' id='word_1_138' title='bbox 882 1537 1106 1580; x_wconf 82' lang='lat' dir='ltr'>auctorque,</span> <span class='ocrx_word' id='word_1_139' title='bbox 1137 1531 1336 1581; x_wconf 89' lang='lat' dir='ltr'>locusque.</span> 
     </span>
     <span class='ocr_line' id='line_1_22' title="bbox 232 1594 1501 1645; baseline 0.001 -14"><span class='ocrx_word' id='word_1_140' title='bbox 232 1595 308 1632; x_wconf 89' lang='lat' dir='ltr'>Sed</span> <span class='ocrx_word' id='word_1_141' title='bbox 338 1594 603 1643; x_wconf 84' lang='lat' dir='ltr'>superiniectis</span> <span class='ocrx_word' id='word_1_142' title='bbox 633 1595 720 1644; x_wconf 90' lang='lat' dir='ltr'>quis</span> <span class='ocrx_word' id='word_1_143' title='bbox 750 1595 843 1633; x_wconf 84' lang='lat' dir='ltr'>latet</span> <span class='ocrx_word' id='word_1_144' title='bbox 871 1594 943 1633; x_wconf 91' lang='lat' dir='ltr'>iste</span> <span class='ocrx_word' id='word_1_145' title='bbox 971 1595 1101 1644; x_wconf 85' lang='lat' dir='ltr'>togis?</span> <span class='ocrx_word' id='word_1_146' title='bbox 1426 1607 1501 1645; x_wconf 86' lang='lat'>570</span> 
     </span>
     <span class='ocr_line' id='line_1_23' title="bbox 180 1657 1328 1698; baseline 0.003 -5"><span class='ocrx_word' id='word_1_147' title='bbox 180 1657 330 1695; x_wconf 85' lang='lat' dir='ltr'>Servius</span> <span class='ocrx_word' id='word_1_148' title='bbox 360 1665 438 1696; x_wconf 89' lang='lat' dir='ltr'>est:</span> <span class='ocrx_word' id='word_1_149' title='bbox 469 1657 545 1695; x_wconf 89' lang='lat' dir='ltr'>iam</span> <span class='ocrx_word' id='word_1_150' title='bbox 574 1666 728 1696; x_wconf 90' lang='lat' dir='ltr'>constat</span> <span class='ocrx_word' id='word_1_151' title='bbox 756 1658 872 1697; x_wconf 88' lang='lat' dir='ltr'>enim.</span> <span class='ocrx_word' id='word_1_152' title='bbox 931 1659 1008 1697; x_wconf 89' lang='lat' dir='ltr'>Sed</span> <span class='ocrx_word' id='word_1_153' title='bbox 1037 1672 1154 1697; x_wconf 86' lang='lat' dir='ltr'>causa</span> <span class='ocrx_word' id='word_1_154' title='bbox 1180 1659 1328 1698; x_wconf 86' lang='lat' dir='ltr'>latendi</span> 
     </span>
     <span class='ocr_line' id='line_1_24' title="bbox 235 1720 1315 1772; baseline 0.003 -14"><span class='ocrx_word' id='word_1_155' title='bbox 235 1720 446 1770; x_wconf 85' lang='lat' dir='ltr'>Discrepat‚</span> <span class='ocrx_word' id='word_1_156' title='bbox 479 1729 516 1760; x_wconf 92' lang='lat' dir='ltr'>et</span> <span class='ocrx_word' id='word_1_157' title='bbox 545 1721 708 1760; x_wconf 86' lang='lat' dir='ltr'>dubium</span> <span class='ocrx_word' id='word_1_158' title='bbox 738 1735 801 1761; x_wconf 90' lang='lat' dir='ltr'>me</span> <span class='ocrx_word' id='word_1_159' title='bbox 830 1735 989 1772; x_wconf 90' lang='lat' dir='ltr'>quoque</span> <span class='ocrx_word' id='word_1_160' title='bbox 1017 1722 1160 1761; x_wconf 84' lang='lat' dir='ltr'>mentis</span> <span class='ocrx_word' id='word_1_161' title='bbox 1188 1724 1315 1763; x_wconf 90' lang='lat' dir='ltr'>habet.</span> 
     </span>
     <span class='ocr_line' id='line_1_25' title="bbox 183 1785 1167 1835; baseline 0.004 -14"><span class='ocrx_word' id='word_1_162' title='bbox 183 1785 288 1821; x_wconf 84' lang='lat' dir='ltr'>Dum</span> <span class='ocrx_word' id='word_1_163' title='bbox 317 1785 392 1823; x_wconf 83' lang='lat' dir='ltr'>dea</span> <span class='ocrx_word' id='word_1_164' title='bbox 419 1785 578 1824; x_wconf 85' lang='lat' dir='ltr'>furtivos</span> <span class='ocrx_word' id='word_1_165' title='bbox 607 1785 745 1824; x_wconf 87' lang='lat' dir='ltr'>timide</span> <span class='ocrx_word' id='word_1_166' title='bbox 773 1787 977 1835; x_wconf 88' lang='lat' dir='ltr'>profitetur</span> <span class='ocrx_word' id='word_1_167' title='bbox 1004 1799 1167 1834; x_wconf 83' lang='lat' dir='ltr'>amores,</span> 
     </span>
     <span class='ocr_line' id='line_1_26' title="bbox 234 1848 1218 1900; baseline 0.003 -14"><span class='ocrx_word' id='word_1_168' title='bbox 234 1848 532 1898; x_wconf 84' lang='lat' dir='ltr'>Caelestemque</span> <span class='ocrx_word' id='word_1_169' title='bbox 560 1849 712 1887; x_wconf 88' lang='lat' dir='ltr'>homini</span> <span class='ocrx_word' id='word_1_170' title='bbox 741 1849 999 1889; x_wconf 88' lang='lat' dir='ltr'>concubuisse</span> <span class='ocrx_word' id='word_1_171' title='bbox 1027 1851 1218 1900; x_wconf 84' lang='lat' dir='ltr'>pudet,—</span> 
     </span>
     <span class='ocr_line' id='line_1_27' title="bbox 181 1911 1498 1966; baseline 0.003 -16"><span class='ocrx_word' id='word_1_172' title='bbox 181 1913 283 1951; x_wconf 77' lang='lat' dir='ltr'>Arsit</span> <span class='ocrx_word' id='word_1_173' title='bbox 312 1911 415 1951; x_wconf 86' lang='lat' dir='ltr'>enim</span> <span class='ocrx_word' id='word_1_174' title='bbox 444 1925 586 1962; x_wconf 86' lang='lat' dir='ltr'>magno</span> <span class='ocrx_word' id='word_1_175' title='bbox 614 1921 791 1963; x_wconf 83' lang='lat' dir='ltr'>correpta</span> <span class='ocrx_word' id='word_1_176' title='bbox 820 1914 1005 1963; x_wconf 87' lang='lat' dir='ltr'>cupidine</span> <span class='ocrx_word' id='word_1_177' title='bbox 1033 1914 1143 1964; x_wconf 86' lang='lat' dir='ltr'>regis,</span> <span class='ocrx_word' id='word_1_178' title='bbox 1425 1928 1498 1966; x_wconf 89' lang='lat'>575</span> 
     </span>
     <span class='ocr_line' id='line_1_28' title="bbox 235 1976 1184 2025; baseline 0 -10"><span class='ocrx_word' id='word_1_179' title='bbox 235 1978 440 2025; x_wconf 84' lang='lat' dir='ltr'>Caecaque</span> <span class='ocrx_word' id='word_1_180' title='bbox 469 1976 507 2013; x_wconf 90' lang='lat' dir='ltr'>in</span> <span class='ocrx_word' id='word_1_181' title='bbox 536 1977 612 2014; x_wconf 89' lang='lat' dir='ltr'>hoc</span> <span class='ocrx_word' id='word_1_182' title='bbox 639 1989 720 2014; x_wconf 92' lang='lat' dir='ltr'>uno</span> <span class='ocrx_word' id='word_1_183' title='bbox 748 1990 829 2015; x_wconf 91' lang='lat' dir='ltr'>non</span> <span class='ocrx_word' id='word_1_184' title='bbox 857 1977 929 2015; x_wconf 90' lang='lat' dir='ltr'>fuit</span> <span class='ocrx_word' id='word_1_185' title='bbox 957 1977 1022 2015; x_wconf 85' lang='lat' dir='ltr'>illa</span> <span class='ocrx_word' id='word_1_186' title='bbox 1049 1977 1184 2016; x_wconf 87' lang='lat' dir='ltr'>viro-—</span> 
     </span>
     <span class='ocr_line' id='line_1_29' title="bbox 183 2041 1263 2089; baseline 0.004 -12"><span class='ocrx_word' id='word_1_187' title='bbox 183 2042 311 2078; x_wconf 87' lang='lat' dir='ltr'>Nocte</span> <span class='ocrx_word' id='word_1_188' title='bbox 339 2041 502 2077; x_wconf 85' lang='lat' dir='ltr'>domum</span> <span class='ocrx_word' id='word_1_189' title='bbox 531 2053 647 2089; x_wconf 80' lang='lat' dir='ltr'>parva</span> <span class='ocrx_word' id='word_1_190' title='bbox 676 2041 789 2079; x_wconf 84' lang='lat' dir='ltr'>solita</span> <span class='ocrx_word' id='word_1_191' title='bbox 817 2049 874 2080; x_wconf 84' lang='lat' dir='ltr'>est</span> <span class='ocrx_word' id='word_1_192' title='bbox 903 2041 1044 2080; x_wconf 84' lang='lat' dir='ltr'>intrare</span> <span class='ocrx_word' id='word_1_193' title='bbox 1071 2044 1263 2081; x_wconf 80' lang='lat' dir='ltr'>fenestra:</span> 
     </span>
     <span class='ocr_line' id='line_1_30' title="bbox 235 2105 1099 2156; baseline 0.005 -14"><span class='ocrx_word' id='word_1_194' title='bbox 235 2105 355 2142; x_wconf 87' lang='lat' dir='ltr'>Unde</span> <span class='ocrx_word' id='word_1_195' title='bbox 385 2106 624 2143; x_wconf 82' lang='lat' dir='ltr'>Fenestellae</span> <span class='ocrx_word' id='word_1_196' title='bbox 653 2106 814 2144; x_wconf 84' lang='lat' dir='ltr'>nomina</span> <span class='ocrx_word' id='word_1_197' title='bbox 841 2114 954 2156; x_wconf 81' lang='lat' dir='ltr'>porta</span> <span class='ocrx_word' id='word_1_198' title='bbox 982 2114 1099 2146; x_wconf 89' lang='lat' dir='ltr'>tenet.</span> 
     </span>
     <span class='ocr_line' id='line_1_31' title="bbox 184 2169 1221 2220; baseline 0.007 -16"><span class='ocrx_word' id='word_1_199' title='bbox 184 2169 301 2205; x_wconf 89' lang='lat' dir='ltr'>Nunc</span> <span class='ocrx_word' id='word_1_200' title='bbox 327 2169 460 2216; x_wconf 86' lang='lat' dir='ltr'>pudet,</span> <span class='ocrx_word' id='word_1_201' title='bbox 491 2176 528 2207; x_wconf 89' lang='lat' dir='ltr'>et</span> <span class='ocrx_word' id='word_1_202' title='bbox 556 2170 684 2208; x_wconf 87' lang='lat' dir='ltr'>voltus</span> <span class='ocrx_word' id='word_1_203' title='bbox 711 2171 903 2210; x_wconf 86' lang='lat' dir='ltr'>velamine</span> <span class='ocrx_word' id='word_1_204' title='bbox 932 2173 1032 2210; x_wconf 87' lang='lat' dir='ltr'>celat</span> <span class='ocrx_word' id='word_1_205' title='bbox 1060 2179 1221 2220; x_wconf 86' lang='lat' dir='ltr'>amatos,</span> 
     </span>
     <span class='ocr_line' id='line_1_32' title="bbox 238 2231 1501 2288; baseline 0.008 -21"><span class='ocrx_word' id='word_1_206' title='bbox 238 2231 394 2279; x_wconf 83' lang='lat' dir='ltr'>Oraque</span> <span class='ocrx_word' id='word_1_207' title='bbox 423 2239 511 2269; x_wconf 89' lang='lat' dir='ltr'>sunt</span> <span class='ocrx_word' id='word_1_208' title='bbox 540 2233 663 2271; x_wconf 87' lang='lat' dir='ltr'>multa</span> <span class='ocrx_word' id='word_1_209' title='bbox 688 2234 792 2283; x_wconf 84' lang='lat' dir='ltr'>regia</span> <span class='ocrx_word' id='word_1_210' title='bbox 819 2242 922 2273; x_wconf 85' lang='lat' dir='ltr'>tecta</span> <span class='ocrx_word' id='word_1_211' title='bbox 949 2242 1049 2285; x_wconf 86' lang='lat' dir='ltr'>toga.</span> <span class='ocrx_word' id='word_1_212' title='bbox 1426 2240 1501 2288; x_wconf 87' lang='lat'>580</span> 
     </span>
    </p>
   </div>
  </div>
 </body>
</html>
