1642 2490
197 103 246 138 28
582 100 617 139 O
629 101 788 138 VIDII
806 101 879 138 [ΓΑ
884 100 918 139 S
921 101 960 138 T
959 100 1034 138 OR
1045 99 1140 137 UM

194 240 217 275 9
246 229 359 275 June.
409 229 542 263 Vesta’s
567 229 648 273 day.
697 228 733 262 A
740 232 868 263 ccomzt
894 229 940 272 os
956 228 1024 262 laer
1055 228 1215 272 Temple,
1245 227 1326 262 and
1351 228 1400 263 its
1427 239 1518 263 cere-

780 286 931 319 monial.

196 383 328 428 Vesta,
362 383 470 420 fave!
525 379 616 418 Tibi
645 392 750 417 nunc
782 386 942 427 operata
969 377 1198 417 resolvimus
1229 390 1307 424 ora,

249 447 313 484 Ad
342 452 408 483 tua
437 444 468 483 si
498 443 612 482 nobis
644 455 753 480 sacra
783 442 914 479 venire
944 442 1045 480 licet.
1445 453 1522 492 250

198 511 245 548 In
272 522 386 559 prece
415 515 520 546 totus
551 520 665 545 eram.
723 505 906 544 caelestia
936 506 1097 544 numina
1128 507 1243 556 sensi,

251 575 448 622 Laetaque
482 583 676 622 purpurea
705 571 793 608 luce
823 570 971 609 refulsit
999 572 1154 610 humus.

198 639 292 676 Non
323 637 504 686 equidem
533 635 821 674 vidi—valeant
851 636 1057 674 mendacia
1087 643 1277 675 vatum—

250 703 320 748 Te,
353 702 450 740 dea:
479 713 553 738 nec
583 701 708 738 fueras
739 699 966 749 aspicienda
996 700 1091 740 viro.

199 768 275 806 Sed
306 779 405 816 quae
435 765 659 811 nescieram,
694 777 938 813 quorumque
972 777 1099 803 errore
1126 767 1300 812 tenebar,
1449 778 1493 815 25
1502 777 1520 816 5

253 831 421 881 Cognita
451 837 540 868 sunt
570 831 677 868 nullo
708 829 973 878 praecipiente
1003 829 1110 867 mihi.

201 897 316 934 Dena
344 903 479 945 quater
511 901 729 932 memorant
759 893 942 932 habuisse
973 894 1115 932 Parilia
1146 896 1330 941 Romam,

254 961 355 999 Cum
385 960 563 997 fiammae
593 966 723 996 custos
755 958 853 996 aede
883 966 1041 1008 recepta
1072 971 1142 996 sua
1172 967 1254 998 est:

202 1025 320 1074 Regis
351 1037 449 1073 opus
479 1022 634 1073 placidi,
667 1035 746 1072 quo
776 1034 858 1060 non
888 1022 1126 1060 metuentius
1157 1023 1280 1060 ullum

253 1088 435 1126 Numinis
465 1087 663 1137 ingenium
694 1096 793 1126 terra
825 1087 970 1126 Sabina
999 1087 1096 1126 tulit.
1453 1089 1526 1125 260

201 1153 313 1201 Quae
343 1165 449 1190 nunc
478 1166 566 1192 aere
596 1153 717 1200 vides,
751 1154 894 1203 stipula
918 1160 1002 1192 tum
1033 1160 1137 1191 tecta
1160 1152 1323 1199 videres,

253 1219 305 1256 Et
334 1217 459 1266 paries
486 1218 593 1256 lento
624 1217 770 1256 vimine
800 1225 927 1256 textus
957 1224 1050 1256 erat.

202 1282 281 1319 Hic
311 1283 420 1320 locus
450 1281 622 1331 exiguus,
655 1282 721 1332 qui
754 1282 919 1321 sustinet
949 1281 1047 1320 atria
1071 1283 1229 1330 Vestae,

253 1347 367 1384 Tunc
397 1354 476 1384 erat
507 1346 653 1384 intonsi
682 1346 786 1396 regia
817 1359 959 1396 magna
988 1348 1154 1385 Numae.

201 1412 343 1449 Forma
366 1418 498 1449 tamen
523 1410 670 1460 templi,
698 1424 800 1460 quae
828 1423 934 1448 nunc
960 1418 1105 1457 manet,
1131 1417 1222 1448 ante
1248 1409 1366 1448 fuisse
1454 1411 1526 1460 265

254 1473 415 1513 Dicitur.
473 1481 512 1512 et
540 1475 686 1513 formae
715 1488 832 1512 causa
856 1475 1061 1524 probanda
1091 1475 1232 1513 subest.

200 1541 321 1578 Vesta
350 1540 499 1588 eadem,
530 1553 629 1590 quae
659 1542 789 1579 Terra.
848 1541 981 1579 subest
1008 1539 1098 1590 vigil
1127 1540 1226 1589 ignis
1257 1547 1420 1589 utrique.

253 1604 558 1654 Significantque
590 1606 706 1643 deam
736 1612 840 1643 tecta
869 1605 1061 1654 focusque
1092 1617 1212 1642 suam.

201 1670 322 1708 Terra
351 1669 453 1719 pilae
484 1669 629 1717 similis,
662 1671 770 1707 nullo
800 1668 1003 1707 fulcimine
1032 1668 1134 1716 nixa,

253 1736 352 1773 Ae're
382 1734 559 1773 subiecto
587 1742 668 1773 tam
694 1748 809 1785 grave
837 1735 986 1784 pendet
1016 1747 1126 1773 onus.
1455 1745 1528 1782 270

202 1799 294 1849 Ipsa
323 1799 542 1838 volubilitas
572 1800 755 1838 libratum
787 1799 951 1837 sustinet
982 1799 1129 1845 orbem,

255 1863 410 1913 Quique
439 1872 590 1913 premat
620 1872 760 1914 partes,
790 1864 955 1913 angulus
987 1862 1114 1901 omnis
1144 1862 1267 1901 abest.

201 1929 381 1978 Cumque
409 1929 458 1967 sit
483 1929 524 1966 in
554 1929 686 1967 media
714 1942 843 1967 rerum
874 1928 1032 1978 regione
1061 1928 1202 1975 locata,

255 1994 305 2031 Et
337 2000 469 2042 tangat
497 1994 647 2030 nullum
678 1994 814 2042 plusve
840 1992 1018 2030 minusve
1049 1993 1164 2038 latus,

202 2055 255 2095 Ni
284 2069 458 2095 convexa
487 2059 597 2104 foret,
630 2057 729 2106 parti
759 2056 923 2095 vicinior
952 2064 1066 2103 esset,
1453 2067 1526 2106 275

257 2121 344 2159 Nec
372 2120 547 2159 medium
580 2128 720 2159 terram
750 2123 922 2160 mundus
951 2123 1113 2160 haberet
1147 2133 1258 2159 onus.

202 2186 296 2223 Arte
327 2185 528 2234 Syracosia
558 2199 768 2235 suspensus
797 2187 837 2224 in
868 2189 957 2225 aere
987 2188 1121 2224 clauso

256 2249 339 2288 Stat
367 2249 517 2300 globus,
547 2248 728 2288 immensi
760 2263 879 2300 parva
912 2252 1035 2300 figura
1063 2248 1171 2299 poli:
