1465 2449
578 91 764 129 LIBER
804 91 867 131 ΓΙ.
969 91 989 97 “
1321 107 1371 144 ²9

46 175 95 213 Et
123 182 312 224 quantum
341 188 365 212 a
393 175 569 222 summis,
602 183 754 214 tantum
783 175 943 214 secessit
971 176 1022 214 ab
1051 174 1139 214 imis

95 240 226 277 Terra.
284 241 392 289 quod
422 248 464 278 ut
492 241 570 285 fiat,
605 241 728 278 forma
757 241 925 279 rotunda
954 240 1055 278 facit.
1292 243 1368 279 280

44 305 118 342 Par
144 305 262 344 facies
288 305 432 355 templi.
491 305 620 343 nullus
650 305 839 354 procurrit
869 305 907 343 in
937 305 1004 343 illo

96 371 285 419 Angulus.
341 383 364 407 a
390 368 522 418 pluvio
552 368 724 407 vindicat
754 369 876 408 imbre
906 369 1044 407 tholus.

43 435 124 473 Cur
155 434 204 473 sit
231 434 455 484 virginibus,
484 432 646 482 quaeris,
678 433 752 471 dea
781 434 884 471 culta
914 432 1128 471 ministris?

97 498 300 537 Inveniam
330 510 465 535 causas
494 497 566 534 hac
598 509 756 546 quoque
787 503 895 546 parte
926 509 1025 535 suas.

42 563 101 601 Ex
129 564 217 612 Ope
248 564 442 601 Iunonem
477 570 696 599 memorant
725 563 988 613 Cereremque
1019 572 1167 603 creatas
1288 567 1362 616 285

94 627 250 666 Semine
279 628 442 666 Saturni.
500 628 611 666 tertia
639 629 762 666 Vesta
790 627 870 666 suit.

41 691 221 741 Utraque
246 701 472 742 nupserunt,
504 694 642 731 ambae
672 693 869 742 peperisse
897 693 1092 731 seruntur:

94 757 156 795 De
185 757 306 796 tribus
334 757 540 807 impatiens
571 758 708 796 restitit
738 771 816 796 una
847 758 927 796 viri.

40 820 146 869 Quid
177 822 330 869 mirum,
357 822 465 872 virgo
497 822 527 860 si
556 823 703 873 virgine
732 824 834 861 laeta
861 823 1037 862 ministra

90 887 275 926 Admittit
302 895 428 925 castas
454 888 504 925 ad
536 900 605 925 sua
635 901 744 926 sacra
771 891 942 928 manus?
1286 902 1360 938 290

39 952 127 990 Nec
157 959 197 989 tu
228 951 335 990 aliud
369 953 544 999 Vestam,
572 965 691 1001 quam
722 952 848 990 vivam
880 953 1060 1003 intellege
1089 953 1303 992 flammam:

91 1017 272 1066 Nataque
303 1016 353 1054 de
386 1016 544 1054 flamma
573 1029 737 1065 corpora
766 1017 872 1055 nulla
900 1016 1021 1056 vides.

38 1080 126 1118 Iure
156 1080 270 1130 igitur
293 1081 401 1132 virgo
429 1090 498 1129 est,
530 1095 629 1132 quae
653 1081 803 1120 semina
828 1083 935 1120 nulla
962 1082 1133 1129 remittit,

90 1144 176 1182 Nec
205 1144 320 1194 capit,
354 1153 392 1184 et
419 1147 582 1185 comites
615 1146 842 1196 virginitatis
868 1148 996 1186 habet.

37 1209 134 1246 Esse
162 1208 230 1247 diu
259 1211 397 1248 stultus
426 1212 569 1249 Vestae
599 1211 804 1249 simulacra
830 1210 985 1260 putavi:

90 1274 189 1311 Mox
217 1273 337 1312 didici
365 1288 483 1313 curvo
512 1277 619 1314 nulla
648 1277 807 1315 subesse
835 1276 955 1315 tholo.

37 1337 143 1387 Ignis
171 1337 405 1377 inextinctus
434 1341 582 1389 templo
611 1340 758 1378 celatur
784 1339 824 1378 in
853 1339 930 1378 illo.
969 1356 973 1359 ·

90 1401 268 1452 Effigiem
296 1404 444 1441 nullam
472 1404 594 1442 Vesta
622 1416 697 1442 nec
725 1403 824 1453 ignis
851 1404 980 1442 habet.

34 1466 119 1504 Stat
145 1465 183 1504 vi
210 1473 311 1505 terra
339 1481 417 1506 sua.
475 1468 512 1506 vi
542 1469 684 1507 stando
713 1470 836 1507 Vesta
864 1476 1046 1508 vocatur:

88 1531 296 1580 Causaque
325 1544 393 1580 par
421 1532 512 1570 Grai
543 1532 713 1570 nominis
742 1545 828 1571 esse
856 1540 997 1582 potest.
1279 1545 1355 1582 300

35 1598 88 1635 At
115 1597 224 1634 focus
252 1609 276 1634 a
303 1596 468 1634 flammis
498 1603 537 1634 et
565 1597 672 1645 quod
701 1597 807 1635 fovet
835 1596 978 1643 omnia,
1009 1597 1160 1635 dictus:

89 1660 169 1709 Qui
196 1667 328 1698 tamen
357 1659 396 1697 in
425 1659 557 1709 primis
585 1660 750 1698 aedibus
779 1667 869 1698 ante
898 1660 980 1698 suit.

36 1724 144 1762 Hinc
173 1736 332 1774 quoque
360 1723 596 1761 vestibulum
625 1723 703 1762 dici
729 1736 826 1762 reor.
884 1723 978 1763 inde
1005 1725 1204 1773 precando

87 1789 311 1827 Praefamur
337 1789 512 1834 Vestam,
543 1801 642 1838 quae
671 1789 760 1827 loca
787 1788 913 1838 prima
940 1795 1061 1826 tenet.

33 1854 136 1892 Ante
164 1853 274 1892 focos
303 1851 397 1890 olim
427 1851 595 1890 scamnis
624 1852 827 1890 considere
855 1851 982 1902 longis
1276 1863 1350 1902 305

88 1918 178 1955 Mos
207 1923 299 1962 erat,
330 1922 369 1954 et
396 1928 555 1954 mensae
583 1916 740 1954 credere
768 1916 905 1954 adesse
933 1916 1040 1954 deos.

33 1983 151 2021 Nunc
179 1994 337 2032 quoque
365 1994 454 2018 cum
483 1982 580 2019 fiunt
607 1980 792 2030 antiquae
820 1993 929 2019 sacra
955 1981 1155 2026 Vacunae,

84 2048 189 2084 Ante
217 2045 439 2083 Vacunales
468 2051 650 2094 stantque
678 2045 896 2094 sedentque
924 2045 1045 2082 focos.

31 2109 151 2149 Venit
178 2109 218 2147 in
246 2109 320 2147 hos
347 2121 473 2147 annos
500 2109 647 2158 aliquid
676 2109 727 2147 de
755 2121 864 2147 more
890 2115 1070 2148 vetusto:

85 2174 175 2212 Fert
202 2172 342 2211 missos
371 2173 516 2210 Vestae
545 2184 642 2222 pura
669 2173 815 2222 patella
841 2171 963 2212 cibos
1275 2185 1352 2222 310

1281 1225 1300 1249 D

1308 1222 1354 1261 ἃ
