1465 2449
571 102 760 140 LIBER
803 103 867 140 VJ.

56 186 236 228 ‘Curtius
265 187 329 227 ille
357 189 474 235 lacus,
505 187 628 226 siccas
656 187 721 238 qui
750 188 914 226 sustinet
942 201 1036 235 aras,

109 253 249 291 ‘Nunc
277 252 403 292 solida
431 260 490 292 est
518 253 643 298 tellus,
672 253 741 290 sed
770 253 875 290 lacus
903 260 994 291 ante
1021 252 1101 290 fuit.

55 316 168 365 ‘Qua
195 318 366 356 Velabra
395 318 522 356 solent
550 317 590 355 in
620 317 778 357 Circum
807 317 949 355 ducere
978 329 1154 366 pompaS,
1297 331 1370 367 405

106 380 197 420 ‘Nil
224 389 377 432 praeter
405 381 541 419 salices
570 393 759 430 cassaque
787 393 913 418 canna
941 380 1021 419 fuit.

55 445 202 496 ‘Saepe
230 446 471 484 suburbanas
500 444 655 483 rediens
683 444 848 483 conviva
875 457 944 494 per
972 445 1096 483 undas

107 511 283 558 ‘Cantat‚
315 517 353 549 et
381 510 431 548 ad
459 517 598 548 nautas
627 510 735 549 ebria
762 511 880 549 verba
907 510 1008 549 iacit.

55 574 266 613 ‘Nondum
295 573 534 612 conveniens
563 573 724 612 diversis
753 574 825 612 iste
853 574 983 624 figuris

106 640 287 678 ‘Nomen
315 640 365 678 ab
393 652 529 678 averso
558 647 715 689 ceperat
743 652 858 678 amne
887 640 995 678 deus.
1297 654 1371 686 410

53 704 156 743 ‘Hic
184 716 342 754 quoque
371 705 482 743 lucus
511 712 604 752 erat,
634 704 759 744 iuncis
789 712 827 743 et
855 704 1045 743 arundine
1075 705 1218 743 densus

105 770 180 809 ‘Et
206 770 310 820 pede
338 771 466 809 velato
494 783 576 808 non
604 770 786 808 adeunda
813 771 936 820 palus.

52 836 218 886 ‘Stagna
243 842 488 874 recesserunt
516 843 555 874 et
583 849 704 886 aquas
732 848 802 874 sua
829 835 913 884 ripa
940 842 1106 880 coercet,

103 900 312 950 ‘Siccaque
342 913 449 938 nunc
477 901 602 938 tellus.
661 913 748 938 mos
778 906 911 938 tamen
941 898 1033 937 inde
1061 899 1215 936 manet.'

50 963 294 1003 Reddiderat
321 977 489 1003 causam.
549 964 725 1011 ‘Valeas,
757 976 853 1002 anus
882 962 1077 1012 optima!'
1107 962 1211 1001 dixi:
1295 973 1368 1011 415

104 1029 247 1078 ‘Quod
275 1035 451 1079 superest
478 1027 564 1066 aevi
591 1029 710 1066 molle
739 1028 787 1066 sit
815 1039 933 1066 omne
961 1026 1043 1066 tui.'

1325 120 1372 155 33

51 1143 162 1188 Story
185 1142 229 1187 qs
247 1141 305 1176 tlte
325 1140 556 1184 Palladium,
582 1141 664 1175 and
684 1140 770 1174 lzow
798 1138 978 1175 Metellus
999 1139 1118 1173 saved
1138 1139 1170 1173 it
1181 1138 1288 1183 from
1316 1137 1373 1172 (lte

473 1199 553 1243 stre
569 1199 615 1243 of
631 1198 762 1232 Vesta's
783 1197 938 1242 Temple.

52 1278 193 1316 Cetera
219 1276 296 1315 iam
325 1276 479 1326 pridem
508 1275 627 1315 didici
656 1275 869 1326 puerilibus
897 1274 1020 1321 annis,

104 1342 198 1380 Non
226 1349 359 1380 tamen
388 1341 535 1380 idcirco
563 1341 848 1391 praetereunda
873 1339 979 1377 mihi.

52 1405 215 1444 Moenia
243 1404 491 1444 Dardanides
518 1418 644 1455 nuper
669 1417 774 1443 nova
800 1405 944 1442 fecerat
974 1403 1080 1442 Ilus:

103 1470 186 1508 Ilus
213 1469 343 1508 adhue
371 1469 487 1507 Asiae
517 1469 627 1508 dives
654 1469 826 1507 habebat
854 1479 975 1517 opes:
1295 1479 1373 1513 420

52 1534 234 1574 Creditur
259 1534 458 1571 armiferae
487 1532 641 1582 signum
669 1533 836 1571 caeleste
867 1530 1067 1570 Minervae

104 1598 226 1638 Urbis
253 1597 294 1636 in
324 1597 466 1636 Iliacae
495 1596 697 1635 desiluisse
726 1596 824 1646 iuga.

53 1663 157 1702 Cura
182 1661 316 1701 videre
344 1661 425 1700 fuit.
483 1661 564 1700 vidi
591 1662 860 1711 templumque
887 1662 1109 1710 locumque.

107 1728 201 1766 Hoc
229 1733 406 1776 superest
434 1725 538 1764 illic:
567 1726 728 1764 Pallada
755 1726 887 1763 Roma
914 1731 1033 1763 tenet.

53 1790 280 1831 Consulitur
307 1789 544 1837 Smintheus,
573 1790 743 1838 lucoque
772 1789 962 1828 obscurus
990 1800 1116 1837 opaco
1296 1798 1370 1836 425

106 1857 197 1895 Hos
224 1867 306 1894 non
334 1853 500 1892 mentito
528 1852 699 1892 reddidit
727 1865 793 1891 ore
822 1864 965 1891 sonos:

52 1922 313 1961 ‘Aetheream
341 1925 491 1958 servate
519 1918 646 1965 deam,
677 1918 877 1957 servabitis
907 1918 1081 1957 Urbem:

108 1986 347 2037 ‘Imperium
376 2000 511 2026 secum
539 1986 741 2025 transferet
769 1984 834 2022 illa
860 1982 960 2022 loci.‘

54 2051 199 2098 Servat,
227 2058 267 2090 et
294 2050 484 2089 inclusam
513 2062 665 2088 summa
691 2055 801 2087 tenet
830 2048 912 2086 Ilus
940 2046 981 2084 in
1009 2058 1107 2092 arce,

108 2115 292 2166 Curaque
318 2116 370 2154 ad
397 2115 583 2154 heredem
612 2112 886 2152 Laomedonta
916 2111 1026 2150 redit.
1298 2120 1375 2156 430

54 2180 137 2220 Sub
166 2179 321 2218 Priamo
350 2186 501 2218 servata
527 2190 676 2228 parum.
733 2184 789 2214 sic
817 2176 902 2226 ipsa
928 2176 1095 2221 volebat,

108 2244 170 2283 Ex
197 2255 277 2293 quo
305 2243 454 2283 iudicio
483 2244 608 2282 forma
634 2239 780 2280 revicta
808 2253 878 2279 sua
907 2247 976 2279 est.

162 2318 198 2347 o.
222 2319 256 2346 r.
1247 2314 1268 2350 3
