1642 2490
191 101 239 136 24
575 87 779 126 OVIDII
797 86 1131 125 FASTORUM

187 176 355 224 Carpere
384 174 563 212 dicuntur
589 171 772 211 lactentia
799 171 946 210 viscera
972 170 1114 218 rostris,

238 241 290 277 Et
317 240 477 288 plenum
507 244 601 286 poto
630 235 816 285 sanguine
843 242 975 284 guttur
1001 235 1159 273 habent.

187 305 255 342 Est
282 303 355 341 illis
383 301 560 352 strigibus
587 313 743 338 nomen.
801 300 870 337 sed
898 298 1069 337 nominis
1097 298 1210 337 huius

238 372 377 414 Causa,
407 367 513 417 quod
541 365 777 403 horrendum
806 362 966 401 stridere
992 370 1111 402 nocte
1140 364 1278 402 solent.
1433 375 1507 411 140

185 433 271 472 Sive
300 433 414 482 igitur
442 437 651 469 nascuntur
679 441 780 474 aves,
811 441 879 466 seu
908 427 1081 466 carmine
1110 429 1218 474 fiunt,

237 497 466 546 Naeniaque
494 495 534 532 in
562 495 737 532 volucres
767 494 899 530 Marsa
927 493 1065 542 figurat
1091 506 1214 531 anus:

184 564 232 600 In
261 562 451 599 thalamos
479 571 619 597 venere
650 560 807 596 Procae.
866 558 992 595 Proca
1017 564 1134 596 natus
1163 557 1203 595 in
1232 556 1307 596 illis

236 626 384 664 Praeda
410 636 545 662 recens
573 622 701 660 avium
733 621 906 671 quinque
935 620 1074 659 diebus
1103 630 1207 659 erat:

184 692 425 738 Pectoraque
453 687 659 726 exsorbent
687 685 809 724 avidis
836 684 1001 723 infantia
1028 685 1190 736 linguis:
1432 697 1503 736 145

234 758 286 792 At
314 766 409 803 puer
436 751 567 789 infelix
594 750 698 798 vagit
726 762 921 799 opemque
950 749 1058 798 petit.

181 819 331 856 Territa
358 829 454 855 voce
483 814 541 853 sui
568 815 696 852 nutrix
725 813 888 851 accurrit
916 813 1074 861 alumni,

234 886 284 921 Et
312 882 435 932 rigido
464 887 587 918 sectas
616 878 762 917 invenit
790 892 919 928 ungue
942 892 1073 929 genas.

183 948 288 997 Quid
314 947 484 984 faceret?
521 944 628 981 color
655 942 731 981 oris
760 950 851 990 erat,
882 943 950 993 qui
977 943 1181 982 frondibus
1211 943 1304 983 olim

235 1015 329 1051 Esse
358 1013 455 1050 solet
484 1009 588 1056 seris,
619 1022 714 1058 quas
742 1021 846 1047 nova
873 1007 986 1046 laesit
1012 1008 1147 1046 hiems.
1431 1021 1503 1059 150

182 1076 360 1115 Pervenit
388 1076 439 1113 ad
467 1075 634 1119 Granen,
667 1080 705 1110 et
733 1085 814 1110 rem
844 1072 969 1110 docet.
1030 1073 1103 1110 Illa
1132 1073 1357 1112 ‘Timorem

233 1143 384 1179 ‘Ponet
413 1147 499 1177 tuus
529 1138 683 1186 sospes'
713 1136 810 1174 dixit
840 1137 1042 1174 ‘alumnus
1071 1136 1165 1174 erit.'

178 1208 348 1244 Venerat
375 1204 425 1242 ad
454 1216 585 1241 cunas.
641 1203 787 1240 flebant
814 1209 1015 1251 materque
1043 1209 1256 1251 paterque:

233 1269 385 1308 ‘Sistite
411 1281 482 1306 vos
510 1266 698 1314 lacrimas,
729 1267 813 1316 ipsa
841 1267 1069 1305 medebor!’
1098 1266 1161 1304 ait.

179 1334 358 1372 Protinus
385 1333 544 1371 arbutea
571 1338 703 1380 postes
732 1338 789 1368 ter
816 1330 857 1368 in
886 1330 1023 1369 ordine
1051 1330 1176 1380 tangit
1429 1343 1500 1382 155

231 1398 396 1443 Fronde,
426 1404 484 1434 ter
512 1396 671 1433 arbutea
702 1394 837 1432 limina
864 1395 1002 1432 fronde
1030 1402 1162 1434 notat:

179 1463 328 1513 Spargit
356 1461 466 1511 aquis
495 1461 715 1498 aditus—et
744 1471 870 1509 aquae
898 1459 1147 1497 medicamen
1174 1459 1428 1499 habebant—

229 1530 407 1576 Extaque
435 1526 484 1563 de
513 1538 631 1575 porca
659 1525 778 1563 cruda
806 1524 1018 1562 bimenstre
1047 1531 1163 1563 tenet.

179 1593 308 1641 Atque
334 1591 387 1629 ita
417 1589 578 1628 ‘Noctis
606 1602 707 1637 aves,
737 1588 835 1628 extis
862 1589 1095 1639 puerilibus'
1124 1589 1250 1640 inquit

231 1655 412 1694 ‘Parcite
470 1667 540 1703 pro
568 1666 687 1702 parvo
715 1653 873 1691 victima
900 1666 1019 1703 parva
1046 1653 1161 1692 cadit.
1427 1657 1501 1693 160

177 1721 279 1760 ‘Cor
306 1733 377 1770 pro
406 1720 535 1765 corde,
565 1732 711 1768 precor,
742 1731 813 1767 pro
842 1718 946 1756 fibris
975 1718 1115 1756 sumite
1144 1720 1269 1757 fibras.

229 1789 237 1804 ‘
256 1787 373 1822 Hanc
401 1783 571 1821 animam
599 1782 711 1821 vobis
740 1795 810 1831 pro
839 1781 1000 1820 meliore
1029 1783 1191 1821 damus!

176 1850 237 1887 Sic
265 1848 333 1886 ubi
360 1847 504 1892 libavit,
534 1854 715 1896 prosecta
744 1847 817 1884 sub
846 1847 1005 1884 aethere
1032 1846 1156 1895 ponit,

229 1913 384 1961 Quique
414 1911 534 1949 assint
564 1911 692 1957 sacris,
724 1910 915 1960 respicere
945 1910 1012 1948 illa
1040 1918 1157 1950 vetat.

174 1978 371 2026 Virgaque
401 1976 544 2013 Ianalis
574 1976 623 2013 de
655 1975 766 2024 spina
796 1975 954 2024 ponitur
985 1977 1087 2021 alba,
1424 1977 1496 2026 165

228 2043 315 2090 Qua
345 2041 478 2077 lumen
511 2039 689 2076 thalamis
722 2052 839 2088 parva
868 2040 1035 2078 fenestra
1064 2039 1196 2077 dabat.

175 2108 270 2144 Post
298 2104 395 2141 illud
424 2115 497 2140 nec
527 2114 617 2139 aves
647 2115 767 2139 cunas
797 2102 962 2140 violasse
991 2103 1175 2150 feruntur,

228 2171 279 2207 Et
308 2167 430 2215 rediit,
462 2180 596 2217 puero,
627 2167 694 2217 qui
723 2166 794 2205 fuit
823 2174 926 2213 ante,
958 2167 1076 2205 color.
