1642 2490
189 102 238 135 40
569 87 604 125 Ο
617 86 774 124 VIDI]
803 84 1030 123 FASTOR
1041 84 1135 122 UM

189 174 349 223 Signum
379 179 459 211 erat
487 171 526 209 in
556 170 653 209 solio
681 169 855 208 residens
884 170 957 207 sub
988 167 1155 216 imagine
1185 167 1314 204 Tulli:

242 237 395 276 Dicitur
422 238 498 274 hoc
526 235 648 273 oculis
677 232 907 283 opposuisse
937 245 1108 270 manum.

190 303 239 340 Et
267 315 343 340 vox
370 301 503 340 audita
531 308 587 338 est
619 300 781 337 ‘Voltus
809 297 1038 337 abscondite
1067 303 1232 343 nostros,
1434 298 1507 346 615

245 367 328 404 ‘Ne
357 374 471 404 natae
499 365 656 403 videant
685 377 752 403 ora
779 364 950 402 nefanda
978 375 1088 401 meae
1106 363 1134 400 1’

188 431 309 470 Veste
337 432 428 470 data
456 431 606 480 tegitur.
661 437 766 469 vetat
793 430 894 467 hanc
924 430 1095 467 Fortuna
1123 427 1280 475 moveri,

243 496 295 533 Et
323 496 377 533 sic
407 508 428 533 e
457 496 605 544 templo
634 502 692 533 est
720 494 805 543 ipsa
833 495 964 531 locuta
989 505 1084 531 suo:

193 561 292 599 ‘Ore
320 561 489 598 revelato
517 572 596 608 qua
624 560 792 608 primurn
821 560 908 597 luce
937 557 1085 607 patebit

244 623 429 671 ‘Servius,
460 624 557 661 haec
584 623 701 672 positi
729 623 854 672 prima
882 621 1042 672 pudoris
1072 621 1166 660 erit.'
1434 623 1511 660 620

191 688 353 735 Parcite,
384 694 594 734 matronae,
624 686 760 725 vetitas
789 685 976 736 attingere
1006 693 1132 724 vestes
1149 702 1210 724 :—

243 751 429 791 Sollemni
459 751 550 789 satis
578 758 636 789 est
665 764 762 789 voce
791 762 947 788 movere
975 762 1109 799 preces
1126 765 1187 788 :—

192 816 325 865 Sitque
353 822 471 865 caput
499 828 651 864 semper
680 816 865 853 Romano
894 821 1021 852 tectus
1049 814 1207 862 amictu,

245 881 323 929 Qui
351 893 417 918 rex
446 880 484 918 in
514 888 644 918 nostra
675 879 862 929 septimus
891 880 1000 918 Urbe
1029 878 1111 916 fuit.

191 949 346 985 Arserat
373 947 449 984 hoc
477 947 679 994 templum.
739 945 850 994 signo
879 952 1011 982 tamen
1041 944 1104 982 ille
1133 945 1306 995 pepercit
1436 948 1509 996 625

246 1013 361 1061 Ignis.
420 1023 536 1060 opem
565 1018 658 1048 nato
690 1010 887 1048 Mulciber
914 1009 996 1055 ipse
1027 1011 1122 1048 tulit.

193 1078 376 1125 Namque
403 1084 513 1125 pater
540 1075 645 1113 Tulli
674 1076 885 1122 Volcanus,
918 1074 1078 1113 Ocresia
1107 1083 1229 1114 mater

245 1141 462 1190 Praesignis
490 1140 589 1178 facie
620 1141 882 1180 Corniculana
910 1139 990 1178 fuit.

193 1207 309 1256 Signa
337 1206 446 1244 dedit
473 1205 635 1255 genitor,
667 1212 761 1243 tunc
789 1218 879 1243 curn
910 1213 1027 1255 caput
1056 1206 1145 1256 igne
1176 1219 1338 1244 corusco
1437 1210 1510 1257 635

247 1271 431 1321 Contigit,
457 1268 579 1321 ⁴inque
608 1270 731 1309 cornis
759 1271 963 1309 flammeus
992 1271 1083 1309 arsit
1111 1284 1220 1320 apex.

237 1395 410 1429 festival
422 1395 468 1440 of
482 1394 627 1440 Temple
643 1395 688 1440 of
699 1394 872 1437 Concord,
891 1394 970 1428 also
987 1405 1035 1428 on
1057 1404 1069 1428 1
1080 1404 1092 1427 1
1116 1392 1231 1438 June.
1282 1393 1415 1427 Praise
1432 1394 1477 1438 (ff

780 1451 924 1485 Caesar.
1110 1476 1112 1478 .

194 1532 251 1569 Te
281 1544 437 1581 quoque
466 1530 682 1580 magnifica,
715 1530 951 1577 Concordia,
981 1530 1140 1569 dedicat
1167 1530 1266 1569 aede

246 1596 366 1644 Livia,
398 1609 516 1646 quam
545 1609 636 1634 caro
664 1596 856 1646 praestitit
884 1596 968 1645 ipsa
996 1596 1088 1635 viro.

195 1660 313 1699 Disce
341 1668 484 1705 tamen,
515 1660 676 1698 veniens
705 1668 823 1707 aetas,
854 1660 922 1698 ubi
952 1659 1062 1698 Livia
1090 1673 1197 1698 nunc
1226 1668 1284 1699 est

247 1725 435 1772 Porticus,
465 1725 679 1763 immensae
709 1732 812 1763 tecta
839 1724 957 1763 fuisse
986 1725 1136 1763 domus.
1438 1729 1514 1773 640

194 1790 314 1829 Urbis
343 1803 441 1840 opus
471 1791 612 1829 domus
641 1803 719 1828 una
747 1791 830 1837 fuit,
861 1789 1111 1840 spatiumque
1139 1791 1308 1837 tenebat,

248 1855 339 1902 Quo
367 1854 522 1893 brevius
551 1854 669 1892 muris
700 1854 847 1904 oppida
875 1856 999 1893 multa
1027 1862 1173 1893 tenent.

196 1920 310 1956 Haec
337 1926 503 1967 aequata
530 1920 616 1957 solo
644 1925 713 1965 est,
745 1919 852 1957 nullo
881 1920 954 1958 sub
983 1918 1144 1958 crimine
1172 1918 1291 1969 regni,

248 1983 325 2021 Sed
354 1982 446 2032 quia
472 1982 621 2020 luxuria
648 1982 730 2021 visa
757 1995 899 2021 nocere
928 1995 1008 2021 sua.

196 2046 384 2084 Sustinuit
411 2053 538 2084 tantas
567 2059 729 2096 operum
758 2047 981 2085 subvertere
1011 2047 1146 2093 moles,
1437 2049 1511 2095 64:

247 2113 404 2160 Totque
433 2124 520 2149 suas
547 2112 659 2149 heres
687 2112 849 2161 perdere
879 2113 1023 2151 Caesar
1051 2125 1157 2161 opes.

197 2175 259 2213 Sic
286 2175 411 2224 agitur
438 2188 601 2213 censura
629 2183 667 2214 et
696 2176 751 2214 sic
779 2178 959 2226 exempla
988 2184 1181 2227 parantur,

251 2241 351 2277 Cum
380 2239 534 2286 vindex,
563 2239 659 2278 alios
689 2241 797 2289 quod
827 2248 972 2287 monet,
1002 2240 1085 2290 ipse
1113 2240 1214 2278 facit.
