1642 2490
195 103 245 139 34
575 89 610 127 O
621 89 779 126 VIDII
808 86 1037 126 FASTOR
1046 87 1142 125 UM

193 177 268 215 Seu
296 188 419 226 genus
448 174 616 221 Adrasti,
648 187 716 212 seu
745 173 854 211 furtis
883 180 996 222 aptus
1027 172 1177 219 Ulixes,

246 241 321 279 Seu
349 239 434 288 pius
463 240 618 277 Aeneas
648 237 833 287 eripuisse
862 237 984 274 datur.

193 305 340 341 Auctor
367 303 407 340 in
435 303 608 341 incerto:
636 314 696 339 res
725 308 784 339 est
813 302 1006 338 Romana.
1065 307 1195 338 tuetur

246 369 377 414 Vesta,
408 367 514 416 quod
543 365 701 404 assiduo
731 363 878 402 lumine
908 371 1052 402 cuncta
1079 364 1195 403 videt.

195 433 288 469 Heu
317 438 504 480 quantum
533 429 696 467 timuere
725 435 864 477 patreS,
896 440 974 476 quo
1004 435 1181 478 tempore
1210 430 1331 467 Vesta

245 496 362 543 Arsit,
393 502 431 533 et
459 502 517 533 est
545 494 669 544 adytis
699 496 838 534 obruta
866 508 992 545 paene
1021 494 1123 532 suis!

195 561 425 609 Flagrabant
454 559 577 597 sancti
606 560 801 598 sceleratis
830 560 984 610 ignibus
1013 559 1134 609 ignes,

248 624 449 672 Mixtaque
479 630 560 661 erat
587 624 767 662 flammae
795 625 953 662 flamma
979 624 1143 673 profana
1171 621 1266 672 piae.

193 686 395 726 Attonitae
423 687 570 725 flebant
598 687 770 726 demisso
799 688 906 727 crine
934 687 1155 726 ministrae:

245 755 468 792 Abstulerat
496 751 595 790 vires
625 753 798 802 corporis
827 752 910 803 ipse
939 752 1063 792 timor.

195 819 376 857 Provolat
404 817 444 855 in
472 817 657 865 medium,
690 825 727 856 et
756 830 898 868 magna
927 816 1166 857 ‘Succurrite
1184 817 1211 854 1'
1241 828 1348 862 voce,

248 883 367 920 ‘Non
396 888 455 920 est
482 880 667 919 auxilium
695 882 808 920 fiere'
839 883 1024 920 Metellus
1052 881 1115 920 ait.

197 945 385 995 ‘Pignora
412 945 592 995 virgineis
620 946 749 985 fatalia
778 946 901 985 tollite
929 946 1092 996 palmis!

249 1012 364 1048 ‘Non
395 1024 440 1048 ea
468 1018 558 1048 sunt
585 1018 691 1057 voto,
723 1011 792 1049 sed
821 1011 1008 1060 rapienda
1035 1013 1178 1048 manu!

197 1075 288 1112 ‘Me
315 1073 524 1112 miserum!
554 1073 790 1113 dubitatis?’
820 1074 884 1112 ait.
935 1074 1114 1113 dubitare
1142 1074 1310 1121 videbat,

247 1140 297 1176 Et
325 1138 486 1188 pavidas
514 1139 646 1189 posito
674 1139 929 1189 procubuisse
957 1153 1069 1189 genu.

195 1204 336 1241 Haurit
363 1217 495 1253 aquas,
525 1205 747 1254 tollensque
776 1217 928 1252 manus,
960 1203 1205 1254 ‘Ignoscite,'
1235 1202 1331 1241 dixit

247 1270 407 1307 ‘Sacral
436 1261 493 1307 vir
520 1269 674 1308 intrabo
703 1283 783 1308 non
813 1271 994 1309 adeunda
1022 1269 1114 1308 viro.

196 1333 255 1371 ‘Si
284 1335 409 1372 scelus
439 1341 508 1382 est,
536 1334 576 1372 in
605 1348 667 1373 me
696 1335 894 1374 commissi
922 1348 1052 1385 poena
1079 1333 1297 1373 redundet:

250 1397 327 1435 ‘Sit
355 1397 492 1447 capitis
522 1399 667 1438 damno
697 1401 828 1437 Roma
857 1400 984 1438 soluta
1011 1398 1112 1437 mei.'

195 1460 314 1508 Dixit,
347 1469 385 1500 et
415 1462 561 1512 irrupit.
618 1465 763 1502 factum
792 1465 868 1502 dea
894 1471 1005 1513 rapta
1032 1461 1222 1513 probavit,

248 1526 526 1576 Pontificisque
554 1527 614 1565 sui
643 1541 804 1567 munere
834 1535 916 1566 tuta
943 1528 1024 1566 fuit.

195 1591 312 1627 Nunc
341 1591 443 1629 bene
471 1591 608 1630 lucetis
638 1605 768 1631 sacrae
798 1594 869 1631 sub
899 1594 1065 1632 Caesare
1095 1593 1297 1629 flammae:

247 1655 354 1705 Ignis
382 1656 422 1693 in
453 1656 580 1695 Iliacis
608 1670 714 1695 nunc
743 1657 814 1695 erit
842 1665 978 1706 estque
1006 1657 1114 1696 focis.

195 1720 392 1769 Nullaque
423 1721 573 1759 dicetur
600 1721 714 1760 vittas
744 1729 954 1761 temerasse
983 1722 1165 1760 sacerdos

251 1785 344 1822 Hoc
373 1785 483 1831 duce,
514 1799 588 1824 nec
615 1787 703 1825 viva
731 1788 952 1827 defodietur
979 1789 1110 1826 humo.

195 1847 257 1884 Sic
284 1847 431 1886 incesta
459 1849 567 1899 perit,
600 1851 690 1900 quia
719 1864 835 1901 quam
865 1852 1034 1898 violavit,
1064 1851 1104 1889 in
1132 1851 1239 1889 illam

249 1912 452 1960 Conditur,
481 1921 520 1952 et
547 1916 681 1953 Tellus
709 1917 908 1966 Vestaque
935 1929 1082 1954 numen
1110 1915 1216 1953 idern
1245 1920 1312 1951 est.

317 2094 585 2140 Anm'versasy
602 2096 646 2140 of
653 2096 809 2130 Brutus
827 2098 970 2142 victory
987 2097 1068 2131 and
1083 2098 1246 2132 Crassus'
1262 2096 1390 2142 defeat.

200 2176 303 2214 Tum
331 2177 404 2215 sibi
433 2179 605 2217 Callaico
634 2181 775 2219 Brutus
805 2194 1024 2231 cognomen
1054 2183 1104 2220 ab
1131 2182 1245 2220 hoste

251 2239 370 2287 Fecit,
400 2247 439 2279 et
468 2242 687 2292 Hispanam
716 2246 904 2295 sanguine
932 2246 1045 2284 tinxit
1072 2247 1245 2284 humum.

1438 311 1513 350 435

1439 633 1516 669 440

1439 957 1512 995 445

1438 1279 1514 1318 450

1438 1601 1512 1642 455

1436 1914 1512 1959 460
