1465 2449
978 88 1000 95 s

608 99 797 137 LIBER
839 100 902 137 Vl.

86 187 149 224 An
179 184 300 235 magis
330 191 387 223 est
416 196 561 231 verum,
592 190 680 233 post
709 182 815 220 Tulli
844 184 980 224 funera
1008 187 1163 236 plebem

139 250 354 289 Confusam
383 247 526 297 placidi
554 254 680 286 morte
708 247 825 286 fuisse
854 248 986 288 senis?

86 314 172 352 Nec
200 313 342 352 modus
372 314 472 351 ullus
501 319 593 359 erat,
624 313 824 351 crescebat
853 312 1022 363 imagine
1051 316 1187 363 luctus,

139 378 280 416 Donec
308 389 398 416 eum
427 375 563 426 positis
593 377 799 415 occuluere
828 376 938 427 togis.

82 442 214 481 Tertia
242 454 360 480 causa
387 440 482 479 mihi
511 440 637 490 spatio
667 440 814 479 maiore
843 443 1021 481 canenda
1051 450 1131 481 est:

135 507 221 544 Nos
248 513 381 544 tamen
409 505 603 543 adductos
631 503 736 542 intus
765 517 925 554 agemus
953 518 1086 555 equos.

80 569 210 608 Tullia.
236 569 430 620 coniugio,
461 569 616 607 sceleris
644 570 837 616 mercede,
867 577 1025 619 peracto

134 632 211 671 His
239 633 353 672 solita
380 640 438 672 est
467 632 581 672 dictis
610 633 839 672 extimulare
868 633 1017 673 virum:

80 696 211 745 ‘Quid
239 696 344 735 iuvat
372 709 456 736 esse
485 710 606 747 pares,
637 705 677 736 te
706 705 860 736 nostrae
890 698 1010 737 caede
1041 699 1189 746 sororis,

130 764 301 812 ‘Meque
330 761 386 800 tui
413 761 548 809 fratris,
578 761 609 800 si
638 761 703 812 pia
730 761 810 800 vita
837 762 997 812 placet?

78 828 240 867 ‘Vivere
269 826 484 865 debuerant
514 834 552 864 et
581 826 638 864 vir
665 839 776 865 meus
805 834 843 865 et
871 833 938 865 tua
965 827 1146 876 coniunx,

130 891 191 931 ‘Si
218 891 370 929 nullum
399 889 528 928 ausuri
557 890 682 928 maius
712 903 865 929 eramus
894 903 1004 941 opus.

76 958 148 996 ‘Et
176 964 294 1007 caput
321 963 359 995 et
387 969 550 1006 regnum
578 955 680 995 facio
708 956 840 995 dotale
868 957 1049 1007 parentis.

128 1021 189 1060 ‘Si
217 1021 273 1059 vir
299 1033 352 1068 es,
383 1020 406 1067 i,
437 1020 560 1059 dictas
589 1020 700 1070 exige
729 1020 832 1059 dotis
861 1025 981 1071 opes!

75 1084 221 1135 ‘Regia
248 1097 308 1124 res
337 1085 462 1123 scelus
490 1087 572 1123 est!
601 1097 738 1123 socero
767 1097 863 1133 cape
891 1097 1010 1134 regna
1037 1092 1187 1132 necato,

127 1150 200 1188 ‘Et
227 1155 378 1187 nostras
407 1148 532 1198 patrio
562 1147 749 1197 sanguine
778 1147 912 1198 tingue
941 1161 1080 1187 manus
1097 1150 1122 1186 1’

70 1213 231 1252 Talibus
258 1212 463 1251 instinctus
492 1212 590 1250 solio
620 1213 791 1262 privatus
819 1213 859 1250 in
888 1213 968 1251 alto

120 1278 290 1316 Sederat.
348 1277 557 1315 attonitum
586 1278 722 1327 volgus
751 1277 802 1316 ad
830 1290 936 1316 arma
964 1277 1062 1316 ruit:

69 1342 179 1380 Hinc
205 1354 329 1390 cruor,
358 1341 450 1379 hinc
478 1342 631 1389 caedes,
662 1342 892 1392 infirmaque
920 1341 1086 1379 vincitur
1114 1349 1243 1381 aetas:

119 1409 278 1457 Sceptra
305 1419 423 1457 gener
451 1418 587 1445 socero
615 1415 724 1457 rapta
752 1408 950 1457 Superbus
978 1407 1107 1446 habet.

68 1473 157 1522 Ipse
186 1471 258 1509 sub
288 1469 483 1520 Esquiliis,
513 1469 581 1508 ubi
609 1478 690 1509 erat
721 1483 791 1509 sua
818 1470 932 1520 regia,
964 1483 1101 1509 caesus

119 1534 303 1575 Concidit
331 1534 371 1572 in
400 1535 497 1573 dura
525 1535 847 1584 sanguinulentus
875 1536 1006 1574 humo.

66 1599 163 1639 Filia
190 1608 374 1651 carpento
402 1599 547 1650 patrios
575 1600 718 1640 initura
745 1608 918 1652 penates,

118 1665 208 1704 Ibat
233 1677 303 1715 per
329 1665 478 1704 medias
506 1666 585 1703 alta
612 1667 797 1716 feroxque
825 1667 915 1706 vias.

65 1729 217 1778 Corpus
245 1736 289 1766 ut
316 1728 473 1778 aspexit,
503 1729 670 1768 lacrimis
697 1730 829 1780 auriga
856 1729 1020 1780 profusis

115 1796 285 1835 Restitit.
339 1796 444 1834 hunc
473 1795 538 1833 tali
567 1794 723 1844 corripit
751 1795 817 1833 illa
844 1807 971 1833 sono:

65 1859 218 1907 ‘Vadis,
248 1873 298 1898 an
327 1866 509 1910 expectas
536 1859 705 1908 pretium
732 1858 886 1908 pietatis
914 1860 1119 1896 amarum?

115 1925 240 1972 ‘Duc,
269 1925 441 1974 inquam,
471 1924 610 1962 invitas
637 1923 723 1973 ipsa
749 1936 818 1973 per
846 1936 914 1962 ora
940 1930 1044 1961 rotas
1062 1923 1085 1960 Γ

61 1989 178 2029 Certa
203 1989 300 2028 fides
327 1989 429 2028 facti.
487 1989 615 2028 dictus
643 1989 860 2028 Sceleratus
887 1988 938 2026 ab
966 1986 1032 2025 illa

111 2051 244 2100 Vicus,
274 2060 313 2092 et
341 2061 497 2092 aeterna
524 2066 584 2092 res
613 2065 660 2091 ea
687 2065 820 2102 pressa
847 2058 951 2090 nota.

1358 121 1406 156 39

1323 778 1398 816 590

1320 1099 1390 1136 595

1313 1411 1389 1446 600

1308 1731 1381 1778 605

1303 2050 1379 2086 610

60 2121 154 2159 Post
179 2127 313 2159 tamen
340 2120 417 2158 hoc
444 2131 539 2157 ausa
567 2125 626 2158 est
652 2117 854 2167 templum,
885 2114 1127 2154 monimenta
1154 2112 1335 2164 parentis,

109 2184 296 2234 Tangere.
354 2182 451 2222 mira
478 2182 650 2233 quidem,
680 2181 750 2220 sed
778 2188 909 2219 tamen
936 2185 1024 2217 acta
1052 2179 1199 2227 loquar.
