1642 2490
219 105 270 140 44
603 90 638 129 O
650 91 808 128 VJDJJ
836 89 1064 128 FASTOR
1075 89 1169 126 UM

224 203 265 238 19
282 193 398 238 June.
449 193 532 227 Suu
542 195 670 237 pass-es
687 197 722 227 to
739 192 797 226 llze
818 191 848 226 C
847 191 920 225 rab.
971 190 1149 225 Festz'val
1161 190 1206 235 os
1219 190 1398 224 Minerva
1418 201 1463 224 022
1483 189 1544 224 llze

784 250 820 284 A
826 251 984 284 veutl'ue.

222 328 308 365 Iam
337 341 404 366 sex
435 336 473 367 et
501 328 667 367 totidem
697 329 804 367 luces
834 329 883 366 de
917 341 1051 367 mense
1083 334 1302 377 supersunt,
1468 337 1540 376 725

276 392 384 430 Huic
412 406 534 430 unum
563 405 727 430 numero
756 400 798 430 tu
826 400 957 431 tamen
987 393 1090 430 adde
1119 392 1234 430 diem.

222 458 287 495 Sol
315 457 396 495 abit
423 470 446 494 a
474 456 662 502 Geminis,
693 463 731 494 et
760 456 900 495 Cancri
930 456 1037 506 signa
1065 457 1300 494 rubescunt:

277 522 418 572 Coepit
447 521 642 560 Aventina
671 521 796 559 Pallas
824 520 864 558 in
893 534 979 559 arce
1009 521 1094 559 coli.

279 675 323 698 20
341 663 456 709 June.
507 663 680 698 Festival
694 664 740 708 os
747 664 987 697 Summanus.
1039 664 1153 707 Story
1169 662 1216 707 of
1223 661 1486 707 Aesculapius.

224 750 309 786 Iam
338 756 415 796 tua,
447 749 688 794 Laomedon,
720 747 838 787 oritur
866 761 996 795 nurus,
1027 755 1188 797 ortaque
1218 754 1373 785 noctem

279 813 401 860 Pellit‚
432 820 470 851 et
499 826 520 851 e
549 813 667 862 pratis
696 814 774 851 uda
802 813 940 862 pruina
967 812 1087 861 sugit:
1471 823 1545 860 730

224 878 408 925 Reddita,
440 877 614 927 quisquis
643 878 675 916 is
703 886 771 925 est,
803 879 1016 916 Summano
1046 878 1192 926 templa
1219 877 1402 923 feruntur,

276 944 392 988 Turn,
423 955 512 979 cum
542 942 742 988 Romanis,
774 943 928 991 Pyrrhe,
960 941 1157 979 timendus
1186 954 1277 979 eras.

225 1008 345 1044 Hanc
373 1019 529 1056 quoque
559 1019 648 1043 curn
677 1005 810 1055 patriis
841 1007 1002 1044 Galatea
1031 1005 1218 1054 receperit
1247 1004 1374 1051 undis,

279 1073 477 1119 Plenaque
507 1083 665 1109 securae
694 1077 794 1108 terra
822 1069 962 1119 quietis
991 1069 1071 1115 erit,

225 1136 350 1186 Surgit
379 1137 499 1174 humo
529 1135 679 1174 iuvenis
707 1135 794 1173 telis
823 1136 973 1173 afflatus
1001 1135 1124 1182 avitis,
1471 1145 1543 1183 735

279 1203 328 1239 Et
355 1200 530 1250 geminas
558 1212 661 1237 nexo
689 1199 848 1249 porrigit
877 1212 1003 1248 angue
1032 1212 1180 1237 manus.

224 1267 353 1304 Notus
381 1253 491 1303 amor
522 1264 732 1310 Phaedrae,
763 1270 858 1301 nota
887 1271 944 1301 est
973 1263 1110 1301 iniuria
1139 1262 1307 1302 Thesei:

279 1330 447 1368 Devovit
476 1337 611 1367 natum
641 1330 821 1367 credulus
850 1329 914 1366 ille
944 1342 1068 1366 suum.

224 1396 317 1433 Non
346 1396 506 1444 impune
534 1394 620 1444 pius
649 1394 798 1432 iuvenis
827 1395 1029 1432 Troezena
1057 1396 1239 1443 petebat:

278 1459 426 1497 Dividit
456 1460 656 1497 obstantes
684 1466 842 1508 pectore
871 1465 1002 1496 taurus
1031 1471 1162 1507 aquas.
1472 1470 1545 1505 740

224 1523 384 1561 Solliciti
413 1530 602 1562 terrentur
629 1523 730 1572 equi,
761 1524 975 1572 frustraque
1004 1523 1141 1561 retenti

280 1589 351 1625 Per
379 1588 561 1637 scopulos
590 1587 796 1625 dominum
825 1588 1000 1637 duraque
1029 1600 1121 1626 saxa
1149 1589 1316 1626 trahunt.

226 1651 431 1690 Exciderat
460 1664 583 1698 curru,
614 1651 783 1700 lorisque
812 1652 1054 1690 morantibus
1082 1660 1187 1691 artus

278 1716 519 1766 Hippolytus
547 1717 675 1754 lacero
704 1728 866 1765 corpore
894 1724 1026 1766 raptus
1054 1723 1146 1764 erat,

225 1782 546 1831 Reddideratque
575 1781 758 1829 animam,
789 1782 956 1819 multum
984 1781 1213 1831 indignante
1245 1782 1381 1820 Diana.
1471 1793 1542 1831 745

277 1847 439 1884 ‘Nulla'
470 1845 689 1885 Coronides
720 1849 859 1883 ‘causa
887 1845 1052 1884 doloris’
1082 1845 1159 1883 ait:

226 1913 430 1961 ‘Namque
459 1911 525 1961 pio
553 1911 682 1950 iuveni
711 1911 828 1949 vitam
858 1910 940 1949 sine
969 1912 1125 1949 volnere
1153 1911 1328 1956 reddam,

279 1979 354 2014 ‘Et
384 1978 525 2015 cedent
554 1976 624 2015 arti
652 1976 774 2015 tristia
802 1978 879 2014 sata
908 1977 1042 2014 meae.'

226 2041 409 2079 Gramina
437 2041 626 2079 continuo
653 2040 791 2079 loculis
820 2039 1015 2089 depromit
1044 2038 1199 2078 eburnis
1216 2053 1278 2076 :——-

278 2106 505 2143 Profuerant
533 2104 672 2142 Glauci
700 2104 881 2143 manibus
909 2104 974 2142 illa
1002 2103 1117 2153 prius,
1472 2115 1544 2153 750

224 2170 350 2215 Tunc,
381 2181 471 2206 cum
499 2168 720 2206 observatas
748 2168 884 2217 anguis
913 2167 1116 2206 descendit
1145 2166 1185 2205 in
1213 2167 1382 2214 umbras,

279 2234 385 2271 Usus
414 2240 451 2270 et
480 2232 623 2270 auxilio
652 2240 709 2271 est
737 2245 858 2282 augur
885 2233 934 2271 ab
964 2245 1089 2282 angue
1120 2233 1211 2270 dato
1229 2246 1290 2268 :—
